3567 5800
514 860 577 932 170
769 876 837 930 mo.
860 875 1179 930 promeruerit.
1201 877 1289 931 mer.

511 1065 658 1148 infectus,
681 1066 808 1132 furtivo
826 1065 937 1132 reditu
958 1065 1047 1152 apud
1067 1065 1193 1154 Anglos
1209 1067 1246 1132 in
1263 1067 1406 1154 quadam
1422 1067 1556 1134 abbatia

345 1176 488 1226 Jo-Brom·
511 1169 651 1235 delituit
701 1169 768 1251 Qui
797 1191 859 1234 rex
890 1168 1087 1236 nmtioorum
1124 1171 1332 1258 postmodum
1364 1171 1555 1258 appellatur,

346 1251 401 1362 §⁰5¹3ss
409 1245 457 1294 ⁰⁰¹·
511 1273 757 1338 secretariorum
801 1294 936 1338 enorum
973 1271 1115 1338 faotione
1151 1274 1221 1360 regi
1259 1273 1408 1340 Gnutoni
1446 1279 1558 1361 poetea

511 1374 621 1442 dolone
642 1375 878 1458 reoonoiiiatue,
897 1375 1124 1442 fraudulenter
1143 1375 1275 1442 demum
1294 1382 1346 1442 eet
1365 1375 1556 1443 interfectus

511 1484 545 1544 et
589 1480 677 1568 apud
721 1478 958 1545 monasterium
1002 1479 1042 1546 de
1088 1479 1247 1545 Tavintok
1298 1481 1447 1567 sepultus
1495 1485 1554 1546 eet.

510 1583 674 1650 Praeterea
698 1606 758 1649 rex
784 1583 896 1650 Onuto
929 1581 1014 1648 fiiioe
1045 1582 1214 1648 Edmundi
1235 1583 1321 1670 regin
1343 1583 1556 1651 Edmundnm

511 1691 546 1752 et
577 1686 787 1766 edwardum,
819 1705 895 1751 omn
928 1707 996 1772 pree
1027 1684 1152 1772 pudore
1185 1707 1239 1752 eoa
1264 1685 1361 1751 ferire
1383 1691 1554 1769 metueret,

511 1789 554 1854 ad
584 1811 695 1876 regem
728 1789 920 1856 Swevomm
953 1788 1137 1854 transmisit
1167 1788 1337 1854 feriendos.
1392 1791 1443 1856 At
1480 1813 1554 1857 vero

343 1909 411 1988 nior.
511 1893 688 1980 praediotun
719 1913 778 1958 rex
810 1891 1005 1958 Suevorum
1026 1891 1235 1958 miseratione
1256 1891 1384 1971 duetus,
1408 1893 1555 1980 precibus

344 1975 498 2095 Xfffffm
512 1996 673 2062 cnutonis
694 1996 781 2082 regie
806 2017 874 2061 non
905 1993 1124 2080 adquiescens,
1155 1995 1242 2081 ipsos
1271 1995 1432 2080 perimere
1465 2019 1552 2063 reon-

509 2100 597 2164 savit
611 2099 810 2178 innoeentes,
826 2119 1027 2186 quamquam
1050 2096 1198 2164 Onutoni
1219 2097 1333 2164 tuimet
1355 2101 1553 2168 oonfoedera·

509 2207 572 2268 tue
617 2202 759 2268 Demum
777 2202 935 2289 praefatus
953 2221 1013 2266 rex
1033 2199 1225 2272 Swevorum
1242 2201 1418 2288 praediotoe
1440 2226 1551 2291 pueros

424 2390 428 2398 Ι
508 2306 553 2370 ad
596 2305 804 2371 Salomonem
848 2303 1094 2390 Hungariorum
1134 2325 1245 2389 regem
1282 2305 1480 2372 nutriendos
1518 2311 1550 2371 et

509 2410 590 2478 vitae
618 2409 832 2476 reservandos
864 2408 1059 2475 transmisit
1106 2407 1177 2473 Ubi
1199 2407 1403 2494 aliquamdiu
1425 2411 1553 2477 honori·

340 2537 466 2588 Dauos
508 2513 568 2578 fiee
598 2513 792 2591 oonvemati,
823 2511 1019 2578 Edmundus
1041 2509 1145 2576 filiam
1167 2510 1249 2577 dieti
1270 2512 1356 2598 regis
1379 2512 1552 2601 Hungaro·

339 2605 465 2723 ᾗῇ
508 2639 581 2682 rum
613 2617 713 2683 duxit
745 2639 909 2698 uxorem;
946 2617 1003 2685 eed
1034 2616 1099 2681 cito
1132 2621 1208 2702 poet
1239 2617 1327 2682 idem
1358 2617 1551 2684 Edmundus

340 2755 468 2808 anr’s
508 2721 578 2785 eine
599 2720 712 2787 liberis
734 2719 899 2786 decessit:
933 2717 1117 2784 Edwardue
1147 2740 1225 2784 vero
1255 2740 1398 2786 sororem
1432 2722 1550 2808 regium

338 2821 457 2940 ἔξω
507 2825 641 2891 nomine
674 2825 844 2913 Agatham
876 2824 1002 2912 aooepit
1035 2824 1073 2888 in
1103 2845 1266 2904 uxorem;
1304 2847 1345 2888 ex
1384 2847 1451 2911 qua
1482 2849 1552 2914 pro·

407 2908 433 2957 γ’
508 2954 600 2998 oeesu
631 2930 789 3017 temporie
815 2918 905 2994 'duos
935 2928 1021 2995 filios
1063 2928 1276 2994 Edmundum
1313 2934 1347 2995 et
1385 2928 1549 3016 Edgarum

504 3035 676 3123 generavit
693 3060 702 3115 ;
724 3034 840 3120 genuit
856 3034 989 3119 insuper
1006 3054 1049 3097 ex
1066 3053 1105 3096 ea
1122 3032 1203 3097 duee
1224 3030 1319 3111 filiae,
1338 3030 1550 3119 Margaritam

506 3140 630 3205 scilieet
663 3144 698 3204 et
732 3136 920 3215 Criatinam,
956 3135 997 3201 de
1028 3135 1147 3220 quibua
1178 3135 1214 3199 in
1251 3134 1463 3220 sequentibus
1485 3138 1550 3203 suis

505 3244 585 3308 iocis
619 3242 772 3308 dioemus,
817 3238 897 3303 Filii
920 3260 1049 3324 quoque
1073 3237 1243 3305 Ethelredi
1266 3237 1451 3324 Anglorum
1473 3239 1550 3305 olim

337 3370 463 3423 Therona
505 3350 592 3435 regie
624 3345 776 3413 Elfredun
805 3349 840 3409 et
873 3342 1059 3407 Edwardue
1090 3363 1170 3427 quos
1200 3363 1243 3407 ex
1281 3341 1400 3406 Emma
1437 3344 1549 3430 regina

337 3439 494 3557 fflffid
504 3457 671 3539 genuerat,
706 3450 876 3515 audientes
907 3445 994 3533 regie
1036 3444 1198 3511 Onutom'e
1242 3444 1415 3527 auaritiam,
1460 3450 1551 3511 tutae

337 3572 493 3637 hymnam
504 3556 649 3620 latebrae
682 3575 757 3618 oum
790 3550 932 3615 Ricardo
959 3570 1071 3614 eorum
1092 3547 1257 3613 avunculo
1283 3546 1549 3613 Normunnorum

335 3639 444 3773 ἓξ
504 3658 586 3724 duee
619 3657 656 3720 in
690 3654 898 3719 Normanniu
930 3652 1083 3717 fecerunt
1144 3650 1328 3716 Praediotue
1362 3650 1453 3714 enim
1482 3652 1550 3715 dux

430 3745 437 3760 ⁸
505 3761 771 3826 Normannorum
802 3755 963 3822 Ricardus
994 3754 1099 3819 dictos
1131 3753 1265 3819 iuvenes
1296 3758 1431 3843 nepotes
1466 3776 1550 3832 suos,

504 3864 674 3931 Elfredum
707 3861 829 3928 scilieet
859 3864 895 3925 et
930 3857 1139 3937 Edwardum,
1166 3856 1352 3923 cumomni
1375 3856 1551 3943 diligentia

502 3968 666 4035 educavit
730 3963 796 4033 Sed
832 3966 948 4050 postea
983 3983 1004 4026 a
1042 3960 1123 4026 duoe
1167 3959 1445 4041 Normannorum,
1482 3960 1550 4025 filio

502 4074 624 4139 seilicet
655 4070 737 4134 dicti
768 4066 861 4131 ducis
896 4062 1039 4143 Ricerdi,
1069 4066 1146 4151 poet
1181 4068 1321 4129 mortem
1358 4063 1464 4149 patris
1498 4064 1551 4129 sui

502 4176 637 4243 Rioardi
669 4171 760 4238 ducis
796 4172 893 4235 tanto
926 4167 1048 4232 honore
1082 4170 1161 4231 sunt
1192 4165 1307 4244 habiti,
1351 4171 1391 4231 ut
1429 4164 1550 4231 summi

501 4302 594 4347 nexu
626 4276 748 4344 amoris
780 4277 950 4358 tamquam
986 4268 1103 4335 fratres
1140 4266 1204 4335 sibi
1240 4290 1295 4334 eos
1331 4268 1550 4357 adoptaverit.

503 4385 651 4466 Quorum
684 4378 841 4444 diutmno
873 4392 1059 4460 eompassus
1090 4370 1249 4451 exulatui,
1286 4371 1394 4435 missis
1430 4370 1550 4459 legatie

501 4488 571 4575 regi
606 4482 755 4553 Cnutoni
785 4476 964 4555 mandavit,
981 4480 1020 4541 ut
1039 4474 1107 4540 iam
1124 4474 1253 4559 iamque
1273 4474 1414 4541 satiatus
1435 4496 1550 4541 eornm

502 4588 699 4659 exterminio
732 4584 799 4649 illis
829 4584 984 4669 parceret,
1018 4583 1053 4644 et
1086 4599 1146 4643 sua
1167 4576 1288 4641 eirvei
1309 4598 1380 4641 sero
1402 4598 1462 4663 pro
1488 4600 1550 4644 euo

502 4698 644 4763 obtentu
679 4689 799 4757 amoris
832 4686 989 4752 redderet
1049 4682 1115 4765 Qui
1151 4681 1334 4747 eaiubribue
1371 4682 1441 4746 eius
1478 4704 1550 4748 non

501 4799 714 4887 adquieeoens
733 4791 879 4870 monitis,
905 4790 1031 4875 legatos
1052 4784 1260 4873 inexpeditos
1281 4784 1317 4855 iu
1340 4782 1439 4851 rebus
1461 4785 1552 4851 nihil
