3567 5800
458 853 505 901 na
525 852 642 902 orsrrs
665 851 787 900 amum
808 850 1007 900 Aron-111.
1032 835 1084 900 20.
1254 835 1296 898 93

245 1038 317 1103 iure
338 1037 422 1102 mihi
443 1038 616 1104 hominum
637 1038 819 1104 auctoritas
839 1037 1003 1125 praetendi
1026 1040 1141 1124 posset
1197 1033 1297 1102 Nune

247 1162 334 1217 vero,
358 1141 516 1226 quoniam
537 1146 653 1206 auctor
685 1142 832 1207 omnium
863 1141 956 1207 Deus
989 1144 1046 1217 est,
1071 1161 1138 1204 non
1163 1159 1294 1225 possum

245 1241 328 1307 illud
349 1263 418 1307 non
432 1241 546 1318 facere,
563 1243 653 1327 quod
674 1241 861 1308 faciendum
887 1239 1030 1329 Spiritus
1053 1241 1118 1306 Dei
1141 1240 1296 1327 dignatus

246 1349 296 1410 est
318 1343 503 1431 praecipere
549 1343 626 1409 Erit
647 1366 788 1438 namque
810 1341 929 1410 beatus
951 1345 1014 1410 iste
1037 1344 1206 1431 pmximns
1221 1347 1320 1430 post¹

245 1451 388 1511 mortem
420 1468 528 1512 meam
549 1446 649 1512 huius
670 1447 759 1512 aedis
780 1445 1050 1533 archiepiscopus,
1073 1451 1109 1512 et
1140 1445 1297 1510 adversus

245 1547 363 1613 mnndi
408 1547 591 1635 principem
635 1548 834 1614 fortissimus
870 1545 1067 1635 proeliator.”
1128 1547 1204 1614 Hac
1242 1547 1297 1612 ille

245 1648 367 1714 summi
387 1649 555 1737 pontificis
574 1643 705 1716 ratione
727 1650 887 1726 defensus,
904 1650 1052 1737 procedit
1073 1651 1117 1716 ad
1130 1649 1296 1738 populum,

245 1772 395 1817 summus
427 1756 463 1816 et
498 1751 556 1816 ille
588 1751 741 1838 pontifex
771 1751 995 1840 praetitulatus
1029 1751 1296 1828 Cantuariorum,

244 1857 378 1939 gestans
399 1853 544 1941 insignia
565 1854 687 1930 Aaron,
710 1875 777 1919 non
799 1853 883 1940 legis
904 1853 1068 1920 velamina
1090 1853 1296 1929 adumbrata,

244 1956 304 2020 sed
325 1954 460 2022 Divinae
481 1955 726 2043 propitiationis
748 1977 884 2022 munere
914 1977 974 2044 per
1005 1955 1149 2044 gratiam
1171 1953 1299 2020 Christi

244 2055 414 2144 insignita
469 2057 553 2124 Inde
574 2057 619 2122 ad
651 2057 821 2124 ecclesiam
842 2080 917 2144 qum
948 2057 1013 2124 sibi
1035 2058 1143 2124 iuerat
1173 2057 1300 2144 consig-

216 2217 219 2220 <
246 2163 326 2223 nata
348 2179 509 2238 reversus,
523 2164 624 2244 atque
645 2158 684 2224 in
706 2159 864 2226 cathedra
885 2159 1065 2246 pontificali
1090 2159 1297 2239 sublimatus,

245 2261 435 2326 recordatus
458 2266 517 2339 est,
540 2261 623 2347 quid
644 2260 725 2326 olim
747 2261 912 2327 exultanti
934 2261 1065 2328 diabolo
1086 2262 1296 2349 promisisset,

246 2383 320 2426 cnm
342 2362 438 2428 illum
459 2363 579 2450 regalis
601 2362 754 2449 impietas
781 2363 881 2429 exilio
913 2364 1121 2452 ascripsisset
1178 2364 1297 2450 ltaque

247 2465 356 2530 obviis
377 2464 414 2529 in
436 2465 532 2530 illum
553 2465 707 2530 manibus
729 2466 906 2552 insurgere,
931 2467 1079 2532 membra
1100 2466 1171 2532 eius
1197 2488 1297 2532 evan·

246 2567 348 2653 gelico
384 2567 496 2653 gladio
532 2566 691 2647 dividere,
730 2571 764 2634 et
802 2589 888 2645 oves,
929 2591 1002 2656 quae
1045 2569 1297 2655 circumquaque

246 2669 440 2736 errabundas
454 2668 661 2762 ⁸ferebantur,
684 2670 727 2735 ad
749 2669 961 2737 Dominioum
984 2671 1070 2738 ovile
1091 2693 1251 2738 revocare.

250 3082 500 3149 Communium.
536 3082 662 3166 -uaoa
698 3084 910 3153 Duaatuauc
945 3092 1080 3154 mortuo
1118 3088 1296 3177 Laosstaao
1310 3097 1468 3177 fingimur.

290 3184 533 3251 Lmtdoaianca'
547 3186 701 3272 episcopo
716 3186 764 3254 ud
777 3187 888 3255 sedam
903 3188 1128 3275 episcopalem
1143 3192 1297 3259 eiusdem
1309 3180 1334 3215 ¹¹·
1350 3171 1404 3217 ¹⁰⁸

291 3287 444 3355 ciuitatis
464 3295 588 3375 coyata
610 3288 700 3375 rapta
721 3295 751 3357 et
770 3289 983 3377 principum
1006 3292 1220 3380 subroputur.

291 3486 458 3554 luemus
500 3511 560 3555 rex
597 3490 747 3578 Edgarus
792 3494 897 3559 totius
934 3494 1066 3581 Angliae
1111 3496 1295 3574 monarcha,
1309 3504 1426 3557 Dunsran

247 3590 359 3654 volens
380 3590 515 3656 beatum
535 3591 646 3657 virum
677 3594 888 3661 Dunstanum
911 3618 1010 3683 super
1041 3619 1136 3665 omne
1158 3622 1296 3687 regnum
1308 3572 1441 3691 fflssgn‘fs

246 3692 453 3772 constituere,
469 3692 577 3759 noluit
599 3695 635 3759 in
656 3717 759 3783 regno
781 3720 840 3763 suo
861 3699 933 3764 sine
956 3699 1013 3767 illo
1035 3722 1183 3785 crescere,
1198 3726 1296 3791 quem

247 3815 315 3879 prae
329 3794 446 3859 ceteris
460 3795 634 3862 studuerat
648 3797 844 3865 familiarius
859 3800 1003 3889 diligere.
1042 3804 1150 3886 Unde,
1167 3813 1297 3873 mortuo

249 3894 472 3961 Londoniensi
494 3897 653 3985 episcopo,
677 3905 797 3988 rogatu
818 3902 904 3989 regis
927 3908 963 3968 et
992 3906 1177 3992 principum
1200 3908 1296 3974 Dun-

247 4001 363 4062 stanus
384 3998 585 4071 successione
611 4000 763 4080 donatur,
786 4004 1015 4073 annitentibus
1038 4030 1167 4095 quoque
1191 4010 1299 4075 omni-¹

247 4096 309 4163 bus
330 4098 477 4165 eimdem
499 4100 591 4169 urbis
613 4100 866 4182 habitatoribus,
890 4112 925 4171 et
948 4107 1145 4195 importunis
1160 4112 1296 4177 vocibus

247 4200 335 4266 illius
357 4222 480 4265 nomen
511 4201 775 4271 acclamantibus.
820 4207 1008 4278 Audierant
1031 4234 1172 4298 namque
1195 4236 1296 4301 quum

247 4301 356 4368 fuerat
379 4324 400 4368 a
421 4304 581 4391 primaeva
613 4310 713 4371 aetate
747 4306 819 4374 Deo
854 4311 1104 4399 acceptissimus,
1129 4338 1228 4401 quam
1260 4318 1296 4382 in

246 4403 303 4468 illa
333 4405 389 4470 cui
418 4410 558 4492 praeerat
588 4407 722 4473 eeclesia
752 4409 919 4490 sollicitus,
957 4435 1057 4501 quam
1088 4416 1229 4502 denique
1260 4420 1296 4484 in

247 4507 337 4571 omni
359 4505 507 4573 rabono
529 4512 564 4573 et
586 4510 712 4595 optima
733 4511 1006 4598 probatissimus;
1029 4523 1064 4583 et
1086 4540 1126 4583 ea
1147 4540 1182 4585 rc
1204 4521 1297 4586 nolu-

247 4614 346 4674 erunt
366 4606 489 4674 habere
510 4608 620 4690 alium,
645 4631 720 4676 cum
741 4620 875 4699 possent
901 4616 1021 4683 habere
1052 4619 1295 4691 electissimum.

247 4708 365 4795 Neque
387 4710 481 4774 illum
504 4711 593 4777 iuvit
615 4714 783 4780 excusatio
805 4737 968 4783 cononum
991 4723 1187 4790 auctoritate
1212 4748 1295 4812 prae-
