<?xml version="1.0" encoding="UTF-8"?>
<!DOCTYPE html PUBLIC "-//W3C//DTD XHTML 1.0 Transitional//EN"
    "http://www.w3.org/TR/xhtml1/DTD/xhtml1-transitional.dtd">
<html xmlns="http://www.w3.org/1999/xhtml" xml:lang="en" lang="en">
 <head>
  <title>
</title>
<meta http-equiv="Content-Type" content="text/html;charset=utf-8" />
  <meta name='ocr-system' content='tesseract 3.04.00' />
  <meta name='ocr-capabilities' content='ocr_page ocr_carea ocr_par ocr_line ocrx_word'/>
</head>
<body>
  <div class='ocr_page' id='page_1' title='image "./speculumhistori00mayogoog_0424.png"; bbox 0 0 3567 5800; ppageno 0'>
   <div class='ocr_carea' id='block_1_1' title="bbox 378 832 1250 910">
    <p class='ocr_par' dir='ltr' id='par_1_1' title="bbox 378 832 1250 910">
     <span class='ocr_line' id='line_1_1' title="bbox 378 832 1250 910; baseline -0.009 -6"><span class='ocrx_word' id='word_1_1' title='bbox 378 855 426 904; x_wconf 82' lang='lat' dir='ltr'><strong>nr</strong></span> <span class='ocrx_word' id='word_1_2' title='bbox 447 851 561 906; x_wconf 82' lang='lat' dir='ltr'><strong>unane</strong></span> <span class='ocrx_word' id='word_1_3' title='bbox 584 852 704 904; x_wconf 79' lang='lat' dir='ltr'><strong>nacon</strong></span> <span class='ocrx_word' id='word_1_4' title='bbox 725 850 918 902; x_wconf 74' lang='lat' dir='ltr'><strong>mon-rr.</strong></span> <span class='ocrx_word' id='word_1_5' title='bbox 936 832 1053 910; x_wconf 84' lang='lat' dir='ltr'><strong>17,1a.</strong></span> <span class='ocrx_word' id='word_1_6' title='bbox 1188 835 1250 897; x_wconf 79' lang='lat'><strong>241</strong></span> 
     </span>
    </p>
   </div>
   <div class='ocr_carea' id='block_1_2' title="bbox 202 1020 1253 1231">
    <p class='ocr_par' dir='ltr' id='par_1_2' title="bbox 202 1020 1253 1231">
     <span class='ocr_line' id='line_1_2' title="bbox 203 1020 1253 1128; baseline -0.008 -22"><span class='ocrx_word' id='word_1_7' title='bbox 203 1039 454 1106; x_wconf 87' lang='lat' dir='ltr'><strong>consecrationis</strong></span> <span class='ocrx_word' id='word_1_8' title='bbox 476 1020 635 1128; x_wconf 74' lang='lat' dir='ltr'><strong>suseepto,</strong></span> <span class='ocrx_word' id='word_1_9' title='bbox 650 1040 687 1105; x_wconf 93' lang='lat' dir='ltr'><strong>in</strong></span> <span class='ocrx_word' id='word_1_10' title='bbox 709 1038 852 1115; x_wconf 88' lang='lat' dir='ltr'><strong>concilio,</strong></span> <span class='ocrx_word' id='word_1_11' title='bbox 870 1036 959 1124; x_wconf 90' lang='lat' dir='ltr'><strong>quod</strong></span> <span class='ocrx_word' id='word_1_12' title='bbox 981 1036 1019 1102; x_wconf 92' lang='lat' dir='ltr'><strong>in</strong></span> <span class='ocrx_word' id='word_1_13' title='bbox 1041 1034 1253 1101; x_wconf 88' lang='lat' dir='ltr'><strong>Lateranensi</strong></span> 
     </span>
     <span class='ocr_line' id='line_1_3' title="bbox 202 1138 1251 1231; baseline -0.009 -20"><span class='ocrx_word' id='word_1_14' title='bbox 202 1145 325 1231; x_wconf 84' lang='lat' dir='ltr'><strong>palatio</strong></span> <span class='ocrx_word' id='word_1_15' title='bbox 348 1145 421 1222; x_wconf 90' lang='lat' dir='ltr'><strong>Dei,</strong></span> <span class='ocrx_word' id='word_1_16' title='bbox 445 1149 485 1210; x_wconf 89' lang='lat' dir='ltr'><strong>ut</strong></span> <span class='ocrx_word' id='word_1_17' title='bbox 511 1145 681 1221; x_wconf 87' lang='lat' dir='ltr'><strong>credimus,</strong></span> <span class='ocrx_word' id='word_1_18' title='bbox 705 1149 790 1208; x_wconf 90' lang='lat' dir='ltr'><strong>nutu</strong></span> <span class='ocrx_word' id='word_1_19' title='bbox 820 1147 900 1206; x_wconf 86' lang='lat' dir='ltr'><strong>tunc</strong></span> <span class='ocrx_word' id='word_1_20' title='bbox 929 1138 1014 1206; x_wconf 79' lang='lat' dir='ltr'><strong>forte</strong></span> <span class='ocrx_word' id='word_1_21' title='bbox 1044 1143 1251 1218; x_wconf 84' lang='lat' dir='ltr'><strong>convenerat,</strong></span> 
     </span>
    </p>
   </div>
   <div class='ocr_carea' id='block_1_3' title="bbox 202 1241 1253 2053">
    <p class='ocr_par' dir='ltr' id='par_1_3' title="bbox 202 1241 1253 2053">
     <span class='ocr_line' id='line_1_4' title="bbox 205 1241 1252 1334; baseline -0.007 -21"><span class='ocrx_word' id='word_1_22' title='bbox 205 1268 279 1313; x_wconf 91' lang='lat' dir='ltr'><strong>cum</strong></span> <span class='ocrx_word' id='word_1_23' title='bbox 316 1248 432 1313; x_wconf 89' lang='lat' dir='ltr'><strong>ceteris</strong></span> <span class='ocrx_word' id='word_1_24' title='bbox 472 1246 623 1334; x_wconf 89' lang='lat' dir='ltr'><strong>patribus</strong></span> <span class='ocrx_word' id='word_1_25' title='bbox 660 1246 835 1311; x_wconf 89' lang='lat' dir='ltr'><strong>honorifice</strong></span> <span class='ocrx_word' id='word_1_26' title='bbox 873 1241 1096 1309; x_wconf 89' lang='lat' dir='ltr'><strong>consederunt.</strong></span> <span class='ocrx_word' id='word_1_27' title='bbox 1164 1241 1252 1308; x_wconf 90' lang='lat' dir='ltr'><strong>Dein</strong></span> 
     </span>
     <span class='ocr_line' id='line_1_5' title="bbox 203 1345 1253 1438; baseline -0.005 -24"><span class='ocrx_word' id='word_1_28' title='bbox 203 1354 348 1437; x_wconf 87' lang='lat' dir='ltr'><strong>tempore</strong></span> <span class='ocrx_word' id='word_1_29' title='bbox 379 1356 563 1438; x_wconf 88' lang='lat' dir='ltr'><strong>opportuno</strong></span> <span class='ocrx_word' id='word_1_30' title='bbox 602 1371 676 1414; x_wconf 89' lang='lat' dir='ltr'><strong>cum</strong></span> <span class='ocrx_word' id='word_1_31' title='bbox 704 1348 816 1414; x_wconf 87' lang='lat' dir='ltr'><strong>literas</strong></span> <span class='ocrx_word' id='word_1_32' title='bbox 841 1347 928 1434; x_wconf 87' lang='lat' dir='ltr'><strong>regis</strong></span> <span class='ocrx_word' id='word_1_33' title='bbox 954 1346 991 1410; x_wconf 92' lang='lat' dir='ltr'><strong>in</strong></span> <span class='ocrx_word' id='word_1_34' title='bbox 1012 1345 1157 1411; x_wconf 90' lang='lat' dir='ltr'><strong>medium</strong></span> <span class='ocrx_word' id='word_1_35' title='bbox 1180 1367 1253 1434; x_wconf 91' lang='lat' dir='ltr'><strong>pro-</strong></span> 
     </span>
     <span class='ocr_line' id='line_1_6' title="bbox 202 1449 1251 1538; baseline -0.004 -20"><span class='ocrx_word' id='word_1_36' title='bbox 202 1452 364 1533; x_wconf 74' lang='lat' dir='ltr'><strong>tulissent,</strong></span> <span class='ocrx_word' id='word_1_37' title='bbox 395 1458 503 1518; x_wconf 89' lang='lat' dir='ltr'><strong>cetera</strong></span> <span class='ocrx_word' id='word_1_38' title='bbox 538 1474 611 1538; x_wconf 82' lang='lat' dir='ltr'><strong>quae</strong></span> <span class='ocrx_word' id='word_1_39' title='bbox 645 1452 690 1517; x_wconf 87' lang='lat' dir='ltr'><strong>eis</strong></span> <span class='ocrx_word' id='word_1_40' title='bbox 727 1451 859 1516; x_wconf 77' lang='lat' dir='ltr'><strong>filerunt</strong></span> <span class='ocrx_word' id='word_1_41' title='bbox 896 1450 1059 1537; x_wconf 88' lang='lat' dir='ltr'><strong>imperata</strong></span> <span class='ocrx_word' id='word_1_42' title='bbox 1096 1449 1251 1514; x_wconf 89' lang='lat' dir='ltr'><strong>adiciunt.</strong></span> 
     </span>
     <span class='ocr_line' id='line_1_7' title="bbox 203 1552 1252 1641; baseline -0.002 -23"><span class='ocrx_word' id='word_1_43' title='bbox 203 1553 310 1621; x_wconf 86' lang='lat' dir='ltr'><strong>Favet</strong></span> <span class='ocrx_word' id='word_1_44' title='bbox 332 1556 420 1622; x_wconf 87' lang='lat' dir='ltr'><strong>votis</strong></span> <span class='ocrx_word' id='word_1_45' title='bbox 450 1555 551 1641; x_wconf 86' lang='lat' dir='ltr'><strong>regiae</strong></span> <span class='ocrx_word' id='word_1_46' title='bbox 583 1554 769 1620; x_wconf 70' lang='lat' dir='ltr'><strong>sanctitatis</strong></span> <span class='ocrx_word' id='word_1_47' title='bbox 791 1553 912 1619; x_wconf 90' lang='lat' dir='ltr'><strong>summi</strong></span> <span class='ocrx_word' id='word_1_48' title='bbox 941 1552 1105 1640; x_wconf 89' lang='lat' dir='ltr'><strong>pontificis</strong></span> <span class='ocrx_word' id='word_1_49' title='bbox 1135 1552 1252 1617; x_wconf 86' lang='lat' dir='ltr'><strong>totius-</strong></span> 
     </span>
     <span class='ocr_line' id='line_1_8' title="bbox 203 1655 1250 1745; baseline -0.005 -22"><span class='ocrx_word' id='word_1_50' title='bbox 203 1681 267 1745; x_wconf 92' lang='lat' dir='ltr'><strong>que</strong></span> <span class='ocrx_word' id='word_1_51' title='bbox 289 1658 373 1724; x_wconf 88' lang='lat' dir='ltr'><strong>sacri</strong></span> <span class='ocrx_word' id='word_1_52' title='bbox 387 1663 568 1724; x_wconf 88' lang='lat' dir='ltr'><strong>conventus</strong></span> <span class='ocrx_word' id='word_1_53' title='bbox 590 1657 756 1724; x_wconf 89' lang='lat' dir='ltr'><strong>unanimis</strong></span> <span class='ocrx_word' id='word_1_54' title='bbox 777 1655 1046 1741; x_wconf 77' lang='lat' dir='ltr'><strong>rationabilisque</strong></span> <span class='ocrx_word' id='word_1_55' title='bbox 1068 1655 1250 1733; x_wconf 86' lang='lat' dir='ltr'><strong>sententia;</strong></span> 
     </span>
     <span class='ocr_line' id='line_1_9' title="bbox 203 1756 1252 1848; baseline -0.006 -22"><span class='ocrx_word' id='word_1_56' title='bbox 203 1767 398 1848; x_wconf 85' lang='lat' dir='ltr'><strong>acceptaque</strong></span> <span class='ocrx_word' id='word_1_57' title='bbox 428 1762 533 1828; x_wconf 86' lang='lat' dir='ltr'><strong>sancti</strong></span> <span class='ocrx_word' id='word_1_58' title='bbox 563 1762 668 1848; x_wconf 89' lang='lat' dir='ltr'><strong>patris</strong></span> <span class='ocrx_word' id='word_1_59' title='bbox 691 1759 837 1848; x_wconf 87' lang='lat' dir='ltr'><strong>epistola,</strong></span> <span class='ocrx_word' id='word_1_60' title='bbox 860 1758 945 1823; x_wconf 88' lang='lat' dir='ltr'><strong>nihil</strong></span> <span class='ocrx_word' id='word_1_61' title='bbox 967 1757 1100 1823; x_wconf 93' lang='lat' dir='ltr'><strong>omnino</strong></span> <span class='ocrx_word' id='word_1_62' title='bbox 1122 1756 1252 1821; x_wconf 85' lang='lat' dir='ltr'><strong>adversi</strong></span> 
     </span>
     <span class='ocr_line' id='line_1_10' title="bbox 204 1858 1252 1952; baseline -0.003 -23"><span class='ocrx_word' id='word_1_63' title='bbox 204 1868 276 1929; x_wconf 92' lang='lat' dir='ltr'><strong>toto</strong></span> <span class='ocrx_word' id='word_1_64' title='bbox 291 1863 348 1931; x_wconf 91' lang='lat' dir='ltr'><strong>illo</strong></span> <span class='ocrx_word' id='word_1_65' title='bbox 362 1865 480 1931; x_wconf 85' lang='lat' dir='ltr'><strong>itinere</strong></span> <span class='ocrx_word' id='word_1_66' title='bbox 501 1865 598 1952; x_wconf 84' lang='lat' dir='ltr'><strong>passi,</strong></span> <span class='ocrx_word' id='word_1_67' title='bbox 613 1885 688 1929; x_wconf 92' lang='lat' dir='ltr'><strong>cum</strong></span> <span class='ocrx_word' id='word_1_68' title='bbox 711 1883 839 1929; x_wconf 88' lang='lat' dir='ltr'><strong>summo</strong></span> <span class='ocrx_word' id='word_1_69' title='bbox 861 1860 1009 1950; x_wconf 87' lang='lat' dir='ltr'><strong>tripudio</strong></span> <span class='ocrx_word' id='word_1_70' title='bbox 1031 1858 1101 1947; x_wconf 88' lang='lat' dir='ltr'><strong>regi</strong></span> <span class='ocrx_word' id='word_1_71' title='bbox 1123 1860 1252 1945; x_wconf 72' lang='lat' dir='ltr'><strong>patriae·</strong></span> 
     </span>
     <span class='ocr_line' id='line_1_11' title="bbox 205 1967 481 2053; baseline 0.007 -22"><span class='ocrx_word' id='word_1_72' title='bbox 205 1988 270 2053; x_wconf 90' lang='lat' dir='ltr'><strong>que</strong></span> <span class='ocrx_word' id='word_1_73' title='bbox 292 1967 481 2033; x_wconf 89' lang='lat' dir='ltr'><strong>redduntur.</strong></span> 
     </span>
    </p>
   </div>
   <div class='ocr_carea' id='block_1_4' title="bbox 609 2181 844 2249">
    <p class='ocr_par' dir='ltr' id='par_1_4' title="bbox 609 2181 844 2249">
     <span class='ocr_line' id='line_1_12' title="bbox 609 2181 844 2249; baseline 0 0"><span class='ocrx_word' id='word_1_74' title='bbox 609 2181 688 2249; x_wconf 78' lang='lat' dir='ltr'><strong>Orr.</strong></span> <span class='ocrx_word' id='word_1_75' title='bbox 711 2181 844 2249; x_wconf 89' lang='lat' dir='ltr'>XVIII.</span> 
     </span>
    </p>
   </div>
   <div class='ocr_carea' id='block_1_5' title="bbox 203 2343 1319 2536">
    <p class='ocr_par' dir='ltr' id='par_1_5' title="bbox 203 2343 1319 2536">
     <span class='ocr_line' id='line_1_13' title="bbox 203 2343 1319 2439; baseline -0.001 -28"><span class='ocrx_word' id='word_1_76' title='bbox 203 2343 359 2432; x_wconf 75' lang='lat' dir='ltr'><strong>Epistola</strong></span> <span class='ocrx_word' id='word_1_77' title='bbox 390 2347 481 2433; x_wconf 60' lang='lat' dir='ltr'><strong>aaa</strong></span> <span class='ocrx_word' id='word_1_78' title='bbox 515 2346 562 2413; x_wconf 82' lang='lat' dir='ltr'><strong>ad</strong></span> <span class='ocrx_word' id='word_1_79' title='bbox 599 2346 785 2414; x_wconf 73' lang='lat' dir='ltr'><strong>damiatam</strong></span> <span class='ocrx_word' id='word_1_80' title='bbox 818 2367 952 2433; x_wconf 82' lang='lat' dir='ltr'><strong>papam</strong></span> <span class='ocrx_word' id='word_1_81' title='bbox 982 2345 1192 2414; x_wconf 79' lang='lat' dir='ltr'><strong>Nicbolaam</strong></span> <span class='ocrx_word' id='word_1_82' title='bbox 1224 2349 1253 2410; x_wconf 83' lang='lat' dir='ltr'><strong>ct</strong></span> <span class='ocrx_word' id='word_1_83' title='bbox 1315 2431 1319 2439; x_wconf 31' lang='grc' dir='ltr'>Ι</span> 
     </span>
     <span class='ocr_line' id='line_1_14' title="bbox 462 2447 992 2536; baseline 0.002 -21"><span class='ocrx_word' id='word_1_84' title='bbox 462 2449 665 2536; x_wconf 63' lang='lat' dir='ltr'><strong>ramatum</strong></span> <span class='ocrx_word' id='word_1_85' title='bbox 683 2472 785 2536; x_wconf 76' lang='lat' dir='ltr'><strong>popm</strong></span> <span class='ocrx_word' id='word_1_86' title='bbox 807 2447 855 2514; x_wconf 85' lang='lat' dir='ltr'><strong>ad</strong></span> <span class='ocrx_word' id='word_1_87' title='bbox 876 2470 992 2535; x_wconf 67' lang='lat' dir='ltr'><strong>regem.</strong></span> 
     </span>
    </p>
   </div>
   <div class='ocr_carea' id='block_1_6' title="bbox 106 2603 1413 3407">
    <p class='ocr_par' dir='ltr' id='par_1_6' title="bbox 106 2603 1253 3202">
     <span class='ocr_line' id='line_1_15' title="bbox 249 2603 1251 2694; baseline 0.002 -26"><span class='ocrx_word' id='word_1_88' title='bbox 249 2603 361 2670; x_wconf 83' lang='lat' dir='ltr'><strong>Erat</strong></span> <span class='ocrx_word' id='word_1_89' title='bbox 387 2605 502 2670; x_wconf 84' lang='lat' dir='ltr'><strong>modus</strong></span> <span class='ocrx_word' id='word_1_90' title='bbox 531 2605 659 2670; x_wconf 74' lang='lat' dir='ltr'><strong>iterata</strong></span> <span class='ocrx_word' id='word_1_91' title='bbox 681 2604 855 2690; x_wconf 80' lang='lat' dir='ltr'><strong>legationis</strong></span> <span class='ocrx_word' id='word_1_92' title='bbox 878 2605 922 2670; x_wconf 86' lang='lat' dir='ltr'><strong>ad</strong></span> <span class='ocrx_word' id='word_1_93' title='bbox 944 2603 1113 2670; x_wconf 91' lang='lat' dir='ltr'><strong>dominum</strong></span> <span class='ocrx_word' id='word_1_94' title='bbox 1135 2628 1251 2694; x_wconf 88' lang='lat' dir='ltr'><strong>papam</strong></span> 
     </span>
     <span class='ocr_line' id='line_1_16' title="bbox 106 2696 1249 2794; baseline 0.002 -24"><span class='ocrx_word' id='word_1_95' title='bbox 106 2696 113 2718; x_wconf 84' lang='lat'>&#39;</span> <span class='ocrx_word' id='word_1_96' title='bbox 204 2728 263 2792; x_wconf 86' lang='lat' dir='ltr'><strong>per</strong></span> <span class='ocrx_word' id='word_1_97' title='bbox 293 2728 403 2794; x_wconf 88' lang='lat' dir='ltr'><strong>regem</strong></span> <span class='ocrx_word' id='word_1_98' title='bbox 443 2707 539 2772; x_wconf 84' lang='lat' dir='ltr'><strong>factae</strong></span> <span class='ocrx_word' id='word_1_99' title='bbox 576 2706 748 2793; x_wconf 87' lang='lat' dir='ltr'><strong>indaganti</strong></span> <span class='ocrx_word' id='word_1_100' title='bbox 782 2706 895 2772; x_wconf 89' lang='lat' dir='ltr'><strong>lectori</strong></span> <span class='ocrx_word' id='word_1_101' title='bbox 928 2710 1081 2793; x_wconf 79' lang='lat' dir='ltr'><strong>patescat,</strong></span> <span class='ocrx_word' id='word_1_102' title='bbox 1115 2707 1249 2772; x_wconf 89' lang='lat' dir='ltr'><strong>alteram</strong></span> 
     </span>
     <span class='ocr_line' id='line_1_17' title="bbox 204 2808 1251 2896; baseline 0 -23"><span class='ocrx_word' id='word_1_103' title='bbox 204 2813 329 2873; x_wconf 86' lang='lat' dir='ltr'><strong>cartam</strong></span> <span class='ocrx_word' id='word_1_104' title='bbox 351 2809 500 2895; x_wconf 82' lang='lat' dir='ltr'><strong>praedicti</strong></span> <span class='ocrx_word' id='word_1_105' title='bbox 521 2809 654 2896; x_wconf 82' lang='lat' dir='ltr'><strong>gloriosi</strong></span> <span class='ocrx_word' id='word_1_106' title='bbox 676 2810 761 2896; x_wconf 87' lang='lat' dir='ltr'><strong>regis</strong></span> <span class='ocrx_word' id='word_1_107' title='bbox 783 2808 923 2896; x_wconf 86' lang='lat' dir='ltr'><strong>praefato</strong></span> <span class='ocrx_word' id='word_1_108' title='bbox 946 2811 1143 2875; x_wconf 86' lang='lat' dir='ltr'><strong>monasterio</strong></span> <span class='ocrx_word' id='word_1_109' title='bbox 1163 2810 1251 2875; x_wconf 89' lang='lat' dir='ltr'><strong>beati</strong></span> 
     </span>
     <span class='ocr_line' id='line_1_18' title="bbox 205 2910 1253 3000; baseline 0.003 -25"><span class='ocrx_word' id='word_1_110' title='bbox 205 2910 295 2976; x_wconf 89' lang='lat' dir='ltr'><strong>Petri</strong></span> <span class='ocrx_word' id='word_1_111' title='bbox 326 2912 607 2978; x_wconf 76' lang='lat' dir='ltr'><strong>westmonasterii</strong></span> <span class='ocrx_word' id='word_1_112' title='bbox 640 2912 683 2976; x_wconf 94' lang='lat' dir='ltr'><strong>ab</strong></span> <span class='ocrx_word' id='word_1_113' title='bbox 710 2912 822 2977; x_wconf 87' lang='lat' dir='ltr'><strong>codem</strong></span> <span class='ocrx_word' id='word_1_114' title='bbox 849 2934 1033 2978; x_wconf 79' lang='lat' dir='ltr'><strong>concessam</strong></span> <span class='ocrx_word' id='word_1_115' title='bbox 1060 2913 1136 2978; x_wconf 91' lang='lat' dir='ltr'><strong>huic</strong></span> <span class='ocrx_word' id='word_1_116' title='bbox 1163 2915 1253 3000; x_wconf 89' lang='lat' dir='ltr'><strong>operi</strong></span> 
     </span>
     <span class='ocr_line' id='line_1_19' title="bbox 204 3014 1253 3081; baseline 0.003 -3"><span class='ocrx_word' id='word_1_117' title='bbox 204 3035 274 3079; x_wconf 92' lang='lat' dir='ltr'><strong>non</strong></span> <span class='ocrx_word' id='word_1_118' title='bbox 304 3014 345 3079; x_wconf 87' lang='lat' dir='ltr'><strong>ab</strong></span> <span class='ocrx_word' id='word_1_119' title='bbox 375 3038 411 3080; x_wconf 90' lang='lat' dir='ltr'><strong>re</strong></span> <span class='ocrx_word' id='word_1_120' title='bbox 449 3016 606 3080; x_wconf 86' lang='lat' dir='ltr'><strong>duximus</strong></span> <span class='ocrx_word' id='word_1_121' title='bbox 643 3016 855 3081; x_wconf 88' lang='lat' dir='ltr'><strong>inserendam.</strong></span> <span class='ocrx_word' id='word_1_122' title='bbox 917 3014 1023 3080; x_wconf 86' lang='lat' dir='ltr'><strong>Tenor</strong></span> <span class='ocrx_word' id='word_1_123' title='bbox 1053 3037 1131 3081; x_wconf 85' lang='lat' dir='ltr'><strong>vero</strong></span> <span class='ocrx_word' id='word_1_124' title='bbox 1154 3022 1253 3081; x_wconf 69' lang='lat' dir='ltr'><strong>canae</strong></span> 
     </span>
     <span class='ocr_line' id='line_1_20' title="bbox 204 3116 549 3202; baseline 0.003 -21"><span class='ocrx_word' id='word_1_125' title='bbox 204 3116 372 3202; x_wconf 84' lang='lat' dir='ltr'><strong>praedictae</strong></span> <span class='ocrx_word' id='word_1_126' title='bbox 393 3117 469 3183; x_wconf 87' lang='lat' dir='ltr'><strong>talis</strong></span> <span class='ocrx_word' id='word_1_127' title='bbox 492 3127 549 3184; x_wconf 88' lang='lat' dir='ltr'><strong>est.</strong></span> 
     </span>
    </p>

    <p class='ocr_par' dir='ltr' id='par_1_7' title="bbox 203 3218 1413 3407">
     <span class='ocr_line' id='line_1_21' title="bbox 249 3218 1413 3306; baseline 0.002 -24"><span class='ocrx_word' id='word_1_128' title='bbox 249 3226 268 3252; x_wconf 89' lang='lat'>“</span> <span class='ocrx_word' id='word_1_129' title='bbox 279 3219 321 3283; x_wconf 94' lang='lat' dir='ltr'><strong>In</strong></span> <span class='ocrx_word' id='word_1_130' title='bbox 339 3219 482 3284; x_wconf 88' lang='lat' dir='ltr'><strong>Nomine</strong></span> <span class='ocrx_word' id='word_1_131' title='bbox 497 3218 628 3285; x_wconf 78' lang='lat' dir='ltr'><strong>Sanctae</strong></span> <span class='ocrx_word' id='word_1_132' title='bbox 643 3224 677 3285; x_wconf 88' lang='lat' dir='ltr'><strong>et</strong></span> <span class='ocrx_word' id='word_1_133' title='bbox 693 3219 880 3285; x_wconf 88' lang='lat' dir='ltr'><strong>Individuae</strong></span> <span class='ocrx_word' id='word_1_134' title='bbox 896 3219 1077 3285; x_wconf 84' lang='lat' dir='ltr'><strong>Trinitatis.</strong></span> <span class='ocrx_word' id='word_1_135' title='bbox 1115 3219 1254 3306; x_wconf 87' lang='lat' dir='ltr'><strong>Propter</strong></span> <span class='ocrx_word' id='word_1_136' title='bbox 1267 3239 1413 3292; x_wconf 68' lang='lat' dir='ltr'><strong>mauros</strong></span> 
     </span>
     <span class='ocr_line' id='line_1_22' title="bbox 203 3322 1328 3407; baseline 0.001 -21"><span class='ocrx_word' id='word_1_137' title='bbox 203 3343 260 3386; x_wconf 89' lang='lat' dir='ltr'><strong>eos</strong></span> <span class='ocrx_word' id='word_1_138' title='bbox 291 3323 350 3407; x_wconf 88' lang='lat' dir='ltr'><strong>qui</strong></span> <span class='ocrx_word' id='word_1_139' title='bbox 382 3322 545 3388; x_wconf 84' lang='lat' dir='ltr'><strong>iustitiam</strong></span> <span class='ocrx_word' id='word_1_140' title='bbox 583 3322 647 3388; x_wconf 90' lang='lat' dir='ltr'><strong>Dei</strong></span> <span class='ocrx_word' id='word_1_141' title='bbox 680 3328 904 3399; x_wconf 89' lang='lat' dir='ltr'><strong>contemnunt,</strong></span> <span class='ocrx_word' id='word_1_142' title='bbox 943 3328 978 3387; x_wconf 90' lang='lat' dir='ltr'><strong>et</strong></span> <span class='ocrx_word' id='word_1_143' title='bbox 1008 3344 1101 3387; x_wconf 87' lang='lat' dir='ltr'><strong>suam</strong></span> <span class='ocrx_word' id='word_1_144' title='bbox 1133 3322 1236 3387; x_wconf 86' lang='lat' dir='ltr'><strong>volun</strong></span> <span class='ocrx_word' id='word_1_145' title='bbox 1305 3325 1328 3358; x_wconf 61' lang='lat'>¹</span> 
     </span>
    </p>
   </div>
   <div class='ocr_carea' id='block_1_7' title="bbox 204 3376 1392 3511">
    <p class='ocr_par' dir='ltr' id='par_1_8' title="bbox 204 3376 1392 3521">
     <span class='ocr_line' id='line_1_23' title="bbox 204 3376 1392 3511; baseline 0.002 -22"><span class='ocrx_word' id='word_1_146' title='bbox 204 3425 409 3505; x_wconf 86' lang='lat' dir='ltr'><strong>constituere,</strong></span> <span class='ocrx_word' id='word_1_147' title='bbox 447 3425 601 3511; x_wconf 88' lang='lat' dir='ltr'><strong>quoniam</strong></span> <span class='ocrx_word' id='word_1_148' title='bbox 630 3425 768 3490; x_wconf 86' lang='lat' dir='ltr'><strong>iustitiae</strong></span> <span class='ocrx_word' id='word_1_149' title='bbox 799 3424 862 3489; x_wconf 91' lang='lat' dir='ltr'><strong>Dei</strong></span> <span class='ocrx_word' id='word_1_150' title='bbox 895 3447 963 3490; x_wconf 94' lang='lat' dir='ltr'><strong>non</strong></span> <span class='ocrx_word' id='word_1_151' title='bbox 995 3429 1073 3490; x_wconf 88' lang='lat' dir='ltr'><strong>sunt</strong></span> <span class='ocrx_word' id='word_1_152' title='bbox 1106 3424 1252 3504; x_wconf 86' lang='lat' dir='ltr'><strong>subiecti,</strong></span> <span class='ocrx_word' id='word_1_153' title='bbox 1265 3376 1392 3491; x_wconf 53' lang='lat' dir='ltr'><strong>metr</strong></span> 
     </span>
    </p>
   </div>
   <div class='ocr_carea' id='block_1_8' title="bbox 204 3516 1422 4740">
    <p class='ocr_par' dir='ltr' id='par_1_9' title="bbox 204 3516 1422 4740">
     <span class='ocr_line' id='line_1_24' title="bbox 204 3516 1369 3639; baseline 0.004 -50"><span class='ocrx_word' id='word_1_154' title='bbox 204 3527 444 3611; x_wconf 87' lang='lat' dir='ltr'><strong>procurandum</strong></span> <span class='ocrx_word' id='word_1_155' title='bbox 481 3533 531 3593; x_wconf 91' lang='lat' dir='ltr'><strong>est</strong></span> <span class='ocrx_word' id='word_1_156' title='bbox 568 3527 620 3592; x_wconf 89' lang='lat' dir='ltr'><strong>his</strong></span> <span class='ocrx_word' id='word_1_157' title='bbox 657 3528 715 3613; x_wconf 94' lang='lat' dir='ltr'><strong>qui</strong></span> <span class='ocrx_word' id='word_1_158' title='bbox 748 3527 953 3591; x_wconf 88' lang='lat' dir='ltr'><strong>ecclesiarum</strong></span> <span class='ocrx_word' id='word_1_159' title='bbox 985 3526 1049 3592; x_wconf 92' lang='lat' dir='ltr'><strong>Dei</strong></span> <span class='ocrx_word' id='word_1_160' title='bbox 1082 3528 1252 3615; x_wconf 87' lang='lat' dir='ltr'><strong>privilegia</strong></span> <span class='ocrx_word' id='word_1_161' title='bbox 1265 3516 1369 3639; x_wconf 48' lang='grc' dir='ltr'><strong><em>Ἠ</em></strong></span> 
     </span>
     <span class='ocr_line' id='line_1_25' title="bbox 204 3628 1380 3717; baseline 0.003 -24"><span class='ocrx_word' id='word_1_162' title='bbox 204 3629 412 3694; x_wconf 87' lang='lat' dir='ltr'><strong>constituunt</strong></span> <span class='ocrx_word' id='word_1_163' title='bbox 458 3635 498 3695; x_wconf 88' lang='lat' dir='ltr'><strong>ut</strong></span> <span class='ocrx_word' id='word_1_164' title='bbox 544 3628 743 3717; x_wconf 85' lang='lat' dir='ltr'><strong>multiplices</strong></span> <span class='ocrx_word' id='word_1_165' title='bbox 786 3635 892 3695; x_wconf 86' lang='lat' dir='ltr'><strong>cartas</strong></span> <span class='ocrx_word' id='word_1_166' title='bbox 931 3635 966 3694; x_wconf 91' lang='lat' dir='ltr'><strong>et</strong></span> <span class='ocrx_word' id='word_1_167' title='bbox 1003 3631 1252 3697; x_wconf 89' lang='lat' dir='ltr'><strong>multitudinem</strong></span> <span class='ocrx_word' id='word_1_168' title='bbox 1266 3654 1380 3714; x_wconf 65' lang='lat' dir='ltr'><strong>Kambre,</strong></span> 
     </span>
     <span class='ocr_line' id='line_1_26' title="bbox 204 3721 1411 3851; baseline 0.003 -56"><span class='ocrx_word' id='word_1_169' title='bbox 204 3732 342 3795; x_wconf 82' lang='lat' dir='ltr'><strong>testium</strong></span> <span class='ocrx_word' id='word_1_170' title='bbox 364 3737 465 3818; x_wconf 89' lang='lat' dir='ltr'><strong>atque</strong></span> <span class='ocrx_word' id='word_1_171' title='bbox 492 3729 777 3798; x_wconf 87' lang='lat' dir='ltr'><strong>maledictionum¹</strong></span> <span class='ocrx_word' id='word_1_172' title='bbox 803 3738 981 3819; x_wconf 83' lang='lat' dir='ltr'><strong>congerant</strong></span> <span class='ocrx_word' id='word_1_173' title='bbox 993 3758 1001 3811; x_wconf 92' lang='lat'>;</span> <span class='ocrx_word' id='word_1_174' title='bbox 1039 3733 1165 3818; x_wconf 89' lang='lat' dir='ltr'><strong>quibus,</strong></span> <span class='ocrx_word' id='word_1_175' title='bbox 1190 3736 1252 3823; x_wconf 80' lang='lat' dir='ltr'><strong>etsi</strong></span> <span class='ocrx_word' id='word_1_176' title='bbox 1267 3721 1411 3851; x_wconf 51' lang='lat' dir='ltr'><strong>ssssgimv</strong></span> 
     </span>
     <span class='ocr_line' id='line_1_27' title="bbox 204 3824 1419 3921; baseline 0.004 -24"><span class='ocrx_word' id='word_1_177' title='bbox 204 3854 275 3897; x_wconf 90' lang='lat' dir='ltr'><strong>non</strong></span> <span class='ocrx_word' id='word_1_178' title='bbox 304 3855 438 3921; x_wconf 88' lang='lat' dir='ltr'><strong>semper,</strong></span> <span class='ocrx_word' id='word_1_179' title='bbox 469 3841 580 3899; x_wconf 89' lang='lat' dir='ltr'><strong>tamen</strong></span> <span class='ocrx_word' id='word_1_180' title='bbox 610 3834 807 3921; x_wconf 88' lang='lat' dir='ltr'><strong>aliquotiens</strong></span> <span class='ocrx_word' id='word_1_181' title='bbox 838 3836 1051 3921; x_wconf 89' lang='lat' dir='ltr'><strong>pessimorum</strong></span> <span class='ocrx_word' id='word_1_182' title='bbox 1082 3836 1251 3902; x_wconf 89' lang='lat' dir='ltr'><strong>hominum</strong></span> <span class='ocrx_word' id='word_1_183' title='bbox 1267 3860 1324 3905; x_wconf 82' lang='lat' dir='ltr'><strong>rsr.</strong></span> <span class='ocrx_word' id='word_1_184' title='bbox 1413 3824 1419 3835; x_wconf 70' lang='grc'><strong>’</strong></span> 
     </span>
     <span class='ocr_line' id='line_1_28' title="bbox 204 3920 1422 4039; baseline 0.002 -39"><span class='ocrx_word' id='word_1_185' title='bbox 204 3936 309 4021; x_wconf 86' lang='lat' dir='ltr'><strong>impia</strong></span> <span class='ocrx_word' id='word_1_186' title='bbox 337 3938 502 4024; x_wconf 86' lang='lat' dir='ltr'><strong>protervia</strong></span> <span class='ocrx_word' id='word_1_187' title='bbox 532 3941 566 4001; x_wconf 91' lang='lat' dir='ltr'><strong>et</strong></span> <span class='ocrx_word' id='word_1_188' title='bbox 587 3936 768 4022; x_wconf 85' lang='lat' dir='ltr'><strong>perniciosa</strong></span> <span class='ocrx_word' id='word_1_189' title='bbox 797 3938 1008 4024; x_wconf 74' lang='lat' dir='ltr'><strong>praesumptio</strong></span> <span class='ocrx_word' id='word_1_190' title='bbox 1040 3940 1147 4004; x_wconf 89' lang='lat' dir='ltr'><strong>tutius</strong></span> <span class='ocrx_word' id='word_1_191' title='bbox 1180 3960 1251 4024; x_wconf 81' lang='lat' dir='ltr'><strong>pro</strong></span> <span class='ocrx_word' id='word_1_192' title='bbox 1265 3920 1422 4039; x_wconf 52' lang='lat' dir='ltr'><strong>{ffiffl</strong></span> 
     </span>
     <span class='ocr_line' id='line_1_29' title="bbox 204 4038 1251 4117; baseline 0.004 -16"><span class='ocrx_word' id='word_1_193' title='bbox 204 4042 343 4117; x_wconf 88' lang='lat' dir='ltr'><strong>teratur,</strong></span> <span class='ocrx_word' id='word_1_194' title='bbox 369 4038 566 4105; x_wconf 88' lang='lat' dir='ltr'><strong>retundatur</strong></span> <span class='ocrx_word' id='word_1_195' title='bbox 599 4062 637 4105; x_wconf 90' lang='lat' dir='ltr'><strong>ac</strong></span> <span class='ocrx_word' id='word_1_196' title='bbox 666 4039 899 4117; x_wconf 88' lang='lat' dir='ltr'><strong>reverberetur,</strong></span> <span class='ocrx_word' id='word_1_197' title='bbox 926 4061 1053 4105; x_wconf 89' lang='lat' dir='ltr'><strong>necnon</strong></span> <span class='ocrx_word' id='word_1_198' title='bbox 1075 4041 1251 4106; x_wconf 85' lang='lat' dir='ltr'><strong>fortissimo</strong></span> 
     </span>
     <span class='ocr_line' id='line_1_30' title="bbox 206 4139 1253 4229; baseline 0 -25"><span class='ocrx_word' id='word_1_199' title='bbox 206 4139 402 4207; x_wconf 82' lang='lat' dir='ltr'><strong>defensionis</strong></span> <span class='ocrx_word' id='word_1_200' title='bbox 423 4141 537 4207; x_wconf 89' lang='lat' dir='ltr'><strong>robore</strong></span> <span class='ocrx_word' id='word_1_201' title='bbox 561 4142 711 4207; x_wconf 86' lang='lat' dir='ltr'><strong>funditus</strong></span> <span class='ocrx_word' id='word_1_202' title='bbox 734 4141 922 4207; x_wconf 87' lang='lat' dir='ltr'><strong>eradicetur.</strong></span> <span class='ocrx_word' id='word_1_203' title='bbox 969 4142 1175 4229; x_wconf 81' lang='lat' dir='ltr'><strong>Quapropter</strong></span> <span class='ocrx_word' id='word_1_204' title='bbox 1192 4164 1253 4227; x_wconf 86' lang='lat' dir='ltr'><strong>ego</strong></span> 
     </span>
     <span class='ocr_line' id='line_1_31' title="bbox 206 4242 1253 4331; baseline 0 -25"><span class='ocrx_word' id='word_1_205' title='bbox 206 4242 390 4309; x_wconf 88' lang='lat' dir='ltr'><strong>Edwardus</strong></span> <span class='ocrx_word' id='word_1_206' title='bbox 410 4245 519 4331; x_wconf 88' lang='lat' dir='ltr'><strong>gratia</strong></span> <span class='ocrx_word' id='word_1_207' title='bbox 539 4245 605 4309; x_wconf 92' lang='lat' dir='ltr'><strong>Dei</strong></span> <span class='ocrx_word' id='word_1_208' title='bbox 621 4244 804 4330; x_wconf 87' lang='lat' dir='ltr'><strong>Anglorum</strong></span> <span class='ocrx_word' id='word_1_209' title='bbox 824 4265 884 4309; x_wconf 85' lang='lat' dir='ltr'><strong>rex</strong></span> <span class='ocrx_word' id='word_1_210' title='bbox 906 4249 1023 4308; x_wconf 91' lang='lat' dir='ltr'><strong>notum</strong></span> <span class='ocrx_word' id='word_1_211' title='bbox 1045 4244 1128 4309; x_wconf 83' lang='lat' dir='ltr'><strong>facio</strong></span> <span class='ocrx_word' id='word_1_212' title='bbox 1150 4244 1253 4309; x_wconf 92' lang='lat' dir='ltr'><strong>omni-</strong></span> 
     </span>
     <span class='ocr_line' id='line_1_32' title="bbox 206 4345 1253 4433; baseline 0.002 -25"><span class='ocrx_word' id='word_1_213' title='bbox 206 4345 270 4409; x_wconf 89' lang='lat' dir='ltr'><strong>bus</strong></span> <span class='ocrx_word' id='word_1_214' title='bbox 305 4346 426 4411; x_wconf 79' lang='lat' dir='ltr'><strong>futuris</strong></span> <span class='ocrx_word' id='word_1_215' title='bbox 456 4353 530 4433; x_wconf 91' lang='lat' dir='ltr'><strong>post</strong></span> <span class='ocrx_word' id='word_1_216' title='bbox 562 4368 614 4411; x_wconf 90' lang='lat' dir='ltr'><strong>me</strong></span> <span class='ocrx_word' id='word_1_217' title='bbox 648 4346 758 4412; x_wconf 83' lang='lat' dir='ltr'><strong>saeculi</strong></span> <span class='ocrx_word' id='word_1_218' title='bbox 789 4347 1067 4432; x_wconf 87' lang='lat' dir='ltr'><strong>generationibus,</strong></span> <span class='ocrx_word' id='word_1_219' title='bbox 1098 4346 1253 4432; x_wconf 89' lang='lat' dir='ltr'><strong>quoniam</strong></span> 
     </span>
     <span class='ocr_line' id='line_1_33' title="bbox 207 4448 1253 4536; baseline 0 -23"><span class='ocrx_word' id='word_1_220' title='bbox 207 4452 368 4535; x_wconf 89' lang='lat' dir='ltr'><strong>praecepto</strong></span> <span class='ocrx_word' id='word_1_221' title='bbox 403 4448 521 4515; x_wconf 87' lang='lat' dir='ltr'><strong>Leonis</strong></span> <span class='ocrx_word' id='word_1_222' title='bbox 554 4470 648 4536; x_wconf 83' lang='lat' dir='ltr'><strong>papae</strong></span> <span class='ocrx_word' id='word_1_223' title='bbox 681 4470 739 4535; x_wconf 89' lang='lat' dir='ltr'><strong>pro</strong></span> <span class='ocrx_word' id='word_1_224' title='bbox 772 4449 967 4536; x_wconf 85' lang='lat' dir='ltr'><strong>paenitentia</strong></span> <span class='ocrx_word' id='word_1_225' title='bbox 1000 4458 1034 4514; x_wconf 89' lang='lat' dir='ltr'><strong>et</strong></span> <span class='ocrx_word' id='word_1_226' title='bbox 1066 4449 1253 4514; x_wconf 86' lang='lat' dir='ltr'><strong>remissione</strong></span> 
     </span>
     <span class='ocr_line' id='line_1_34' title="bbox 207 4551 1253 4635; baseline 0 -20"><span class='ocrx_word' id='word_1_227' title='bbox 207 4555 414 4635; x_wconf 87' lang='lat' dir='ltr'><strong>peccatorum</strong></span> <span class='ocrx_word' id='word_1_228' title='bbox 448 4574 594 4617; x_wconf 88' lang='lat' dir='ltr'><strong>meorum</strong></span> <span class='ocrx_word' id='word_1_229' title='bbox 628 4552 786 4616; x_wconf 80' lang='lat' dir='ltr'><strong>renovavi</strong></span> <span class='ocrx_word' id='word_1_230' title='bbox 819 4557 853 4615; x_wconf 93' lang='lat' dir='ltr'><strong>et</strong></span> <span class='ocrx_word' id='word_1_231' title='bbox 883 4552 1053 4616; x_wconf 85' lang='lat' dir='ltr'><strong>melioravi</strong></span> <span class='ocrx_word' id='word_1_232' title='bbox 1086 4551 1253 4616; x_wconf 82' lang='lat' dir='ltr'><strong>basilicam</strong></span> 
     </span>
     <span class='ocr_line' id='line_1_35' title="bbox 207 4652 1254 4740; baseline 0.002 -24"><span class='ocrx_word' id='word_1_233' title='bbox 207 4653 312 4717; x_wconf 83' lang='lat' dir='ltr'><strong>sancti</strong></span> <span class='ocrx_word' id='word_1_234' title='bbox 336 4652 426 4717; x_wconf 85' lang='lat' dir='ltr'><strong>Petri</strong></span> <span class='ocrx_word' id='word_1_235' title='bbox 449 4676 523 4740; x_wconf 84' lang='lat' dir='ltr'><strong>quoe</strong></span> <span class='ocrx_word' id='word_1_236' title='bbox 549 4655 613 4718; x_wconf 87' lang='lat' dir='ltr'><strong>sita</strong></span> <span class='ocrx_word' id='word_1_237' title='bbox 636 4657 687 4718; x_wconf 88' lang='lat' dir='ltr'><strong>est</strong></span> <span class='ocrx_word' id='word_1_238' title='bbox 708 4674 808 4739; x_wconf 92' lang='lat' dir='ltr'><strong>prope</strong></span> <span class='ocrx_word' id='word_1_239' title='bbox 830 4654 952 4720; x_wconf 80' lang='lat' dir='ltr'><strong>moenia</strong></span> <span class='ocrx_word' id='word_1_240' title='bbox 974 4653 1163 4740; x_wconf 79' lang='lat' dir='ltr'><strong>principalis</strong></span> <span class='ocrx_word' id='word_1_241' title='bbox 1185 4656 1254 4718; x_wconf 83' lang='lat' dir='ltr'><strong>An-</strong></span> 
     </span>
    </p>
   </div>
   <div class='ocr_carea' id='block_1_9' title="bbox 298 4879 1121 5040">
    <p class='ocr_par' dir='ltr' id='par_1_10' title="bbox 298 4879 1121 5040">
     <span class='ocr_line' id='line_1_36' title="bbox 475 4879 995 4946; baseline 0.004 -16"><span class='ocrx_word' id='word_1_242' title='bbox 475 4884 480 4911; x_wconf 76' lang='grc'><strong>’</strong></span> <span class='ocrx_word' id='word_1_243' title='bbox 499 4879 702 4946; x_wconf 76' lang='lat' dir='ltr'><strong>maledictionum]</strong></span> <span class='ocrx_word' id='word_1_244' title='bbox 721 4881 995 4942; x_wconf 68' lang='lat' dir='ltr'><strong>maledictionemlds.</strong></span> 
     </span>
     <span class='ocr_line' id='line_1_37' title="bbox 298 4979 1121 5040; baseline -0.001 -12"><span class='ocrx_word' id='word_1_245' title='bbox 298 4979 373 5028; x_wconf 80' lang='lat' dir='ltr'><strong>von.</strong></span> <span class='ocrx_word' id='word_1_246' title='bbox 390 4980 424 5027; x_wconf 90' lang='lat'><strong>11.</strong></span> <span class='ocrx_word' id='word_1_247' title='bbox 1099 4983 1121 5040; x_wconf 82' lang='lat' dir='ltr'><strong>o</strong></span> 
     </span>
    </p>
   </div>
   <div class='ocr_carea' id='block_1_10' title="bbox 0 0 1795 5800">
    <p class='ocr_par' dir='ltr' id='par_1_11' title="bbox 0 0 1795 5800">
     <span class='ocr_line' id='line_1_38' title="bbox 0 0 1795 5800; baseline 0 0"><span class='ocrx_word' id='word_1_248' title='bbox 0 0 1795 5800; x_wconf 95' lang='lat' dir='ltr'><strong> </strong></span> 
     </span>
    </p>
   </div>
  </div>
 </body>
</html>
