3567 5800
497 860 540 927 72
762 872 829 923 mo
850 874 899 923 us
920 872 1051 925 omme.
1073 872 1162 923 suso
1184 872 1271 924 msr.

495 1061 576 1138 tum,
607 1064 648 1125 ut
672 1060 744 1127 vioe
772 1060 896 1147 speculi
924 1059 1038 1127 vultus
1073 1060 1279 1129 intuentium
1308 1059 1538 1137 aemularutur3

494 1182 604 1228 ensem
627 1162 984 1253 Constantini-Magni,
1006 1164 1044 1231 in
1073 1186 1139 1253 quo
1159 1163 1265 1231 literis
1287 1163 1396 1255 aureis
1419 1182 1538 1227 nomen

494 1264 625 1353 antiqui
654 1266 845 1353 possessoris
865 1266 1064 1355 legebatur3
1094 1268 1131 1334 in
1152 1267 1267 1355 eapulo
1289 1288 1420 1355 quoque
1442 1286 1539 1351 super

494 1389 616 1434 massas
637 1368 711 1435 auri
732 1369 872 1436 laminas
903 1370 1033 1437 olavum
1054 1370 1194 1437 ferrem
1225 1368 1361 1437 affixum
1386 1388 1539 1447 cerneres,

492 1492 598 1536 unum
625 1493 670 1539 ex
697 1477 860 1561 quattuor
886 1494 971 1561 quos
991 1472 1127 1539 Iudaica
1146 1472 1246 1559 factio
1275 1471 1444 1539 Dominiei
1472 1490 1541 1535 eor·

492 1574 580 1661 poris
601 1580 734 1663 aptarat
762 1575 943 1663 supplici03
974 1575 1119 1643 lanosum
1142 1574 1259 1643 Karoli
1288 1574 1412 1663 Magni,
1440 1594 1538 1661 quam

492 1677 670 1765 imperator
696 1678 934 1744 invictissimus
973 1684 1088 1745 eontra
1124 1677 1320 1745 Smmoenos
1356 1677 1539 1743 exerdtum

491 1780 622 1862 duoens,
650 1780 813 1868 siquando
841 1780 878 1845 in
908 1780 1036 1847 hostem
1071 1780 1235 1859 vibrabat,
1273 1800 1446 1868 nunquam
1474 1776 1540 1843 nisi

446 1950 450 1955 ,
492 1884 600 1951 victor
628 1882 964 1963 abibat—ferebatur
999 1882 1113 1949 eadem
1150 1904 1230 1962 esse,
1260 1905 1335 1970 quae
1362 1880 1540 1949 Dominioo

491 1987 590 2053 lateri
632 1986 834 2053 centurionis
880 2007 983 2051 manu
1025 1984 1168 2073 imperta
1211 1986 1348 2073 pretiosi
1391 1982 1541 2049 vulneris

489 2088 587 2155 hiatu
616 2088 811 2155 Paradisum
832 2087 960 2153 miseris
982 2088 1175 2153 mortalibus
1197 2088 1349 2177 apenrit3
1378 2086 1538 2152 vexillum

489 2191 672 2257 beatissimi
694 2190 855 2270 Maurieii,
877 2190 1035 2277 martyris
1064 2195 1098 2256 et
1124 2189 1263 2257 Thebeae
1284 2188 1426 2277 legionis
1447 2189 1540 2276 prin-

489 2293 579 2381 cipis,
623 2314 691 2380 quo
730 2293 818 2360 idem
856 2314 918 2359 rex
953 2292 990 2359 in
1027 2292 1113 2359 bello
1151 2292 1315 2380 Hyspuno
1355 2290 1539 2380 quamlibet

488 2396 624 2463 infestos
652 2400 687 2461 et
715 2396 879 2462 oonfertos
900 2394 1108 2461 inimieorum
1137 2416 1256 2461 euneos
1277 2395 1481 2481 dirumpere
1503 2398 1540 2459 et

488 2500 526 2567 in
561 2498 675 2587 fugam
704 2499 821 2566 solitus
857 2502 931 2564 erat
971 2518 1105 2585 eogere;
1142 2497 1293 2565 diadema
1321 2498 1457 2587 quidem
1494 2516 1538 2561 ex

487 2623 570 2668 auro
605 2601 722 2682 multo,
759 2600 817 2667 sed
852 2599 960 2688 magis
994 2600 1132 2687 gemmis
1167 2600 1357 2688 pretiosum,
1396 2620 1537 2687 quarum

486 2704 642 2793 splendor
670 2704 721 2772 ita
748 2704 787 2770 in
822 2708 954 2770 tuentes
982 2701 1107 2769 smiles
1146 2702 1283 2771 luminis
1318 2702 1536 2781 laudabatur,

487 2813 528 2874 ut
551 2811 676 2894 quanto
698 2807 772 2893 quis
794 2810 936 2873 certaret
966 2805 1076 2871 visum
1105 2806 1285 2885 intendere
1309 2812 1406 2874 tanto
1427 2807 1535 2895 magis

486 2911 712 2979 reverberatus
749 2918 920 2998 cogeretur
949 2907 1083 2986 oedere3
1121 2909 1320 2997 partimrlam
1348 2917 1471 2978 saneta
1500 2915 1537 2977 et

487 3015 664 3082 adorandis
692 3013 796 3085 erucis
825 3010 982 3098 crystallo
1025 3010 1195 3090 inclusam,
1233 3013 1294 3080 ubi
1331 3013 1535 3080 soliditatem

485 3118 607 3206 lapidis
635 3116 746 3184 oculus
774 3118 949 3202 penetmns
984 3117 1094 3200 potest
1123 3113 1314 3196 discernere,
1344 3115 1453 3204 qualis
1488 3115 1536 3182 sit

485 3221 570 3309 ligni
598 3219 693 3298 oolor,
724 3222 760 3284 et
788 3238 863 3304 quae
891 3215 1085 3303 quantitos3
1129 3217 1372 3304 portiunculam
1402 3240 1535 3306 quoque

486 3345 614 3390 ooronae
641 3322 765 3410 spineae
794 3318 909 3385 eodem
944 3317 1043 3385 modo
1064 3317 1233 3400 inclusam,
1265 3343 1367 3410 quam
1402 3321 1447 3388 sd
1480 3321 1536 3388 ds-

485 3426 639 3492 risionem
668 3423 762 3511 regni
798 3419 953 3487 militarie
989 3420 1097 3486 rabies
1134 3427 1340 3490 sacrosancto
1376 3423 1537 3510 imposuit

485 3527 594 3614 eapiti
649 3525 716 3592 His
746 3523 851 3590 tantis
886 3527 923 3589 et
951 3525 1024 3588 tam
1052 3522 1229 3592 elaboratis
1258 3526 1355 3593 donis
1383 3527 1535 3614 magnili-

484 3628 691 3694 oentissimus
720 3648 780 3692 rex
800 3625 933 3713 gavisum
956 3644 1025 3689 non
1046 3625 1228 3693 minoribus
1249 3649 1344 3715 paene
1364 3631 1536 3716 rospondit

484 3730 657 3808 benefieiis,
692 3729 772 3816 quia
800 3733 836 3794 et
864 3725 1051 3792 anhelantis
1080 3728 1230 3800 animum
1258 3731 1385 3817 nuptiis
1414 3731 1535 3798 sororis

463 3832 604 3918 ‚oefoet
663 3829 710 3898 Et
730 3830 847 3897 oeteris
875 3827 1008 3916 quidem
1032 3849 1229 3898 successores
1258 3853 1352 3920 reges
1380 3833 1536 3916 dotavit3

484 3941 612 4024 partem
633 3956 711 4001 vero
741 3933 844 3998 erucis
873 3935 909 3997 et
937 3951 1065 3996 eoronso
1091 3931 1313 4022 Malmesbery
1342 3935 1533 4024 delegavit:

484 4060 623 4127 quorum
653 4033 875 4103 sustentaculo
906 4031 1015 4098 adhue
1037 4034 1134 4102 oredo
1155 4037 1266 4124 vigere
1289 4038 1397 4106 locum
1425 4039 1533 4120 illum,

482 4145 535 4208 tot
566 4139 735 4206 ‘libertatis
770 4135 952 4222 naufragia,
991 4137 1043 4201 tot
1080 4139 1357 4208 calumniatorum
1393 4142 1534 4210 iniurias

481 4265 625 4331 passum.
669 4241 759 4307 Nam
788 4243 824 4305 et
859 4237 984 4310 ibidem
1009 4241 1178 4310 Elwinum
1213 4247 1249 4308 et
1282 4243 1532 4312 AEthelstanum

482 4346 567 4412 filios
605 4343 717 4432 patrui
758 4343 810 4409 sui
846 4343 1060 4426 Ethelwardi‚
1099 4366 1180 4432 quos
1216 4345 1253 4410 in
1290 4345 1378 4412 bello
1415 4353 1534 4413 eontra

482 4447 660 4514 Analafum
675 4445 837 4526 amiserat
852 4447 984 4515 humari
1002 4449 1180 4516 honorifioe
1200 4447 1305 4528 iussit
1325 4449 1378 4515 sui
1400 4471 1533 4538 quoquo

363 4581 366 4589 ·
481 4549 623 4636 corporis
644 4547 769 4620 ibidem
791 4549 938 4636 requiem
959 4549 1106 4618 futuram
1128 4551 1337 4618 denuntians
1388 4552 1441 4620 De
1464 4577 1534 4640 quo

480 4651 568 4718 bello
589 4655 719 4738 tempus
741 4655 793 4716 est
814 4657 854 4718 ut
882 4651 973 4719 illius
994 4653 1143 4734 versifici,
1166 4653 1209 4720 de
1238 4674 1305 4741 quo
1326 4654 1440 4725 omnia
1461 4655 1537 4726 haec

481 4752 709 4839 exoerpsimus,
731 4753 933 4822 sententiam
955 4777 1123 4844 ponamus
