3567 5800
477 897 526 950 na
547 895 662 950 emrls
683 895 806 948 asena
828 893 1027 948 ason-111.
1053 882 1103 946 21.
1275 882 1317 946 99

264 1091 376 1153 vestra
397 1085 442 1154 ad
467 1085 625 1151 bonorem
647 1084 712 1150 Dei
741 1085 954 1172 pertinentia,
977 1106 1052 1172 qnoe
1073 1085 1123 1150 ibi
1144 1083 1318 1152 instituere

263 1189 415 1266 volneris,
449 1190 596 1276 gratanti
629 1186 751 1256 affectu
783 1189 972 1268 annuimus,
1003 1188 1245 1268 oonfirmamus,
1283 1192 1318 1254 et

265 1291 490 1357 confirmando
526 1292 564 1358 in
607 1297 804 1379 perpetum
841 1297 914 1358 rata
959 1291 1187 1378 inviolataque
1231 1296 1318 1358 stare

265 1397 491 1476 deoernimus3
514 1400 550 1461 et
572 1394 766 1462 infractores
796 1417 910 1462 eorum
940 1399 1065 1462 aeterna
1090 1395 1318 1460 maledictione

265 1501 480 1576 damnamna3
504 1499 730 1565 observatores
746 1503 858 1565 autem
880 1499 979 1566 huius
993 1499 1162 1564 firmitatis
1177 1499 1318 1586 gratiam

264 1609 299 1668 et
320 1602 577 1670 miserioordiam
599 1625 621 1668 a
635 1602 781 1669 Domino
801 1603 956 1689 oonsequi
978 1605 1174 1668 mereantur.
1211 1600 1319 1668 Causa

263 1705 367 1792 igitur
388 1705 594 1772 infractionis
615 1707 723 1772 nostri
751 1706 918 1792 privilegii
948 1707 992 1770 ad
1021 1709 1167 1792 posteros
1189 1709 1319 1768 nostros

262 1809 441 1896 perveniat
496 1809 623 1875 Datum
644 1809 814 1878 Ravennae
836 1830 924 1876 nono
946 1807 1105 1874 kalendas
1128 1805 1319 1874 Februarii'

310 1918 330 1950 “
352 1911 538 1999 Cognoscat
582 1933 660 2000 ergo
697 1913 893 2000 magnitudo
929 1933 988 1977 seu
1025 1907 1153 1976 utilitas
1198 1913 1317 1986 vestra,

263 2015 422 2101 quoniam
444 2014 648 2081 deeernimns
667 2021 702 2081 et
723 2013 760 2080 in
780 2021 941 2104 perpetuo
955 2035 1146 2081 mansurum
1168 2013 1318 2080 iubemus

263 2123 363 2205 atque
404 2119 643 2195 constituimus,
681 2124 722 2184 ut
769 2140 830 2204 pro
874 2119 1062 2184 reverentia
1105 2117 1318 2204 reliquiarum
1331 2127 1452 2246 ffightplos

1332 2211 1392 2248 saue
1421 2210 1473 2261 ary.

263 2325 389 2390 ibidem
411 2325 483 2390 Deo
505 2323 739 2390 famulantium
761 2325 868 2390 honor
890 2330 925 2390 et
955 2325 1027 2390 laus
1050 2323 1197 2390 eiusdem
1219 2323 1320 2389 eoele-

264 2428 324 2494 aiae
346 2425 508 2493 habeatur
530 2432 565 2492 et
594 2428 794 2506 observetur,
819 2428 855 2493 id
885 2431 936 2492 est
965 2433 1011 2504 ut,
1035 2426 1183 2512 quisquis
1206 2426 1320 2514 fugiti-

264 2552 384 2597 vorum
421 2553 482 2617 pro
520 2531 669 2616 quolibet
706 2531 823 2596 seelere
862 2531 905 2596 ad
942 2529 1113 2616 praefatam
1151 2529 1320 2619 besilieam

265 2634 355 2699 beati
385 2633 525 2720 apostoli
554 2633 685 2720 fugiens
715 2635 919 2720 procinctum
942 2634 1013 2697 eius
1043 2633 1227 2710 intraverit,
1250 2635 1320 2698 sive

265 2737 374 2824 pedes,
399 2737 470 2802 aive
492 2757 598 2822 eques,
621 2738 691 2802 sive
713 2737 754 2801 de
777 2737 869 2802 ouria
890 2736 1002 2822 regali,
1019 2737 1088 2801 aive
1112 2737 1153 2802 de
1175 2736 1319 2812 civitate,

265 2861 325 2905 seu
347 2839 388 2905 de
410 2839 501 2918 villa,
517 2861 576 2905 seu
590 2840 813 2927 euiuaounque
834 2839 1035 2905 condicionis
1057 2839 1111 2919 sit,
1128 2858 1322 2925 quoeunque
1434 2839 1435 2842 ’

266 2944 387 3009 delicto
431 2943 583 3009 faenoris
628 2948 742 3009 eontra
785 2964 847 3008 nos
891 2942 945 3009 vel
982 2942 1192 3009 suceedentea
1229 2964 1321 3028 reges

267 3048 460 3133 Anglorum,
483 3047 539 3111 vel
568 3052 684 3113 eontra
705 3045 809 3112 alium
835 3046 1017 3133 quemlibet
1046 3046 1176 3112 fidelem
1199 3050 1321 3113 sanotae

266 3151 408 3217 eoeleaiae
437 3150 502 3215 Dei
532 3148 716 3215 forisfactus
747 3150 801 3226 eit,
833 3148 1002 3215 relaxetur
1035 3154 1069 3214 et
1101 3149 1259 3215 liberetur
1289 3154 1323 3214 et

266 3254 373 3318 vitam
388 3259 489 3338 atque
502 3253 651 3317 membra
663 3253 787 3338 absque
802 3251 870 3317 ulla
889 3247 1146 3319 contradictione
1167 3252 1322 3317 obtineat.
1546 3322 1548 3327 ,

269 3355 433 3421 Praeterea
464 3354 718 3421 interminamur
749 3354 876 3420 Divina
909 3355 1107 3421 anctoritate
1137 3360 1171 3420 et
1201 3360 1321 3432 nostra,
1335 3368 1458 3425 Immani-

267 3464 309 3523 ut
333 3478 440 3544 neque
461 3479 529 3535 nos,
553 3479 661 3543 neque
687 3479 882 3523 aueoessores
909 3458 1026 3537 nostri,
1049 3479 1157 3542 neque
1182 3458 1323 3543 quilibet
1335 3442 1391 3493 *Μ’

267 3562 437 3648 episeopus
450 3561 506 3626 vel
528 3559 795 3647 archiepiscopus,
811 3581 872 3627 neo
888 3562 1075 3647 quiounque
1091 3562 1133 3627 de
1150 3561 1324 3628 iudiciaria

269 3670 434 3750 potestate
456 3666 492 3728 in
512 3664 619 3751 ipsam
641 3670 790 3729 sanctam
812 3663 990 3742 basilicam,
1013 3665 1069 3729 vel
1094 3665 1131 3729 in
1152 3670 1324 3731 manentes

269 3769 306 3831 in
338 3770 419 3853 ipsa,
442 3767 497 3831 vel
525 3767 562 3831 in
594 3766 744 3833 homines
778 3767 836 3852 qui
866 3789 941 3832 oum
972 3788 1032 3835 sua
1061 3768 1249 3833 substantia
1270 3769 1325 3835 vel

269 3869 369 3935 rebus
392 3869 564 3956 adipeam
587 3870 717 3937 tradere
739 3868 794 3935 vel
816 3870 978 3937 devovere
1001 3892 1036 3935 se
1058 3870 1234 3951 voluerint,
1259 3872 1325 3935 nisi

270 3994 329 4059 per
349 3974 557 4038 voluntatem
580 3972 711 4039 abbatis
734 3978 769 4039 et
786 3970 926 4039 ‘suorum
952 3972 1194 4054 monachorum,
1222 3974 1324 4039 ullam

269 4097 428 4161 umquam
449 4075 594 4140 habeant
615 4080 815 4163 potestatem
826 4101 836 4157 3
858 4078 917 4143 sed
939 4078 984 4142 sit
1007 4078 1076 4143 haee
1091 4082 1204 4143 saneta
1218 4082 1325 4143 mater

270 4178 405 4244 ecelesia
434 4178 608 4265 peculiaris
641 4180 773 4265 patroni
803 4180 910 4245 nostri
944 4180 1034 4245 beati
1057 4179 1149 4246 Petri
1182 4181 1323 4266 apostoli

270 4281 375 4347 libera
396 4285 432 4345 et
453 4280 605 4347 absoluta
627 4284 671 4348 ab
696 4282 788 4347 omni
818 4282 989 4349 invasione
1010 4284 1065 4348 vel
1095 4282 1324 4369 inquietudine

272 4385 421 4449 omnium
449 4383 632 4464 hominum,
659 4385 881 4472 cuiuscunque
911 4386 1035 4452 ordinis
1064 4387 1119 4451 vel
1149 4388 1326 4473 potestatis

272 4508 340 4552 ease
362 4485 550 4565 videantur.
597 4488 641 4553 ln
674 4489 821 4554 maneria
855 4510 933 4556 vero
959 4489 1014 4555 vel
1048 4494 1156 4556 curtes
1178 4490 1326 4577 praesatse

272 4588 426 4689 basiliere,
448 4590 568 4656 ubiubi
596 4596 631 4658 et
660 4592 697 4657 in
726 4612 938 4679 quaecumque
960 4593 1111 4680 regiones
1132 4594 1187 4659 vel
1217 4600 1327 4681 partes

273 4692 310 4757 in
331 4713 435 4779 regno
457 4697 578 4771 nostro,
602 4694 758 4782 quioquid
780 4718 802 4761 a
823 4695 876 4762 die
898 4698 1053 4783 praesenti
1075 4698 1184 4785 ipsum
1199 4720 1327 4765 monas-

274 4795 396 4861 terium
418 4795 583 4884 possidere
598 4801 632 4862 et
654 4796 817 4864 dominari
838 4798 980 4878 videtur,
996 4800 1050 4866 vel
1073 4802 1161 4887 quod
1184 4802 1327 4869 aDeum

1138 4907 1193 4967 ot
