3567 5800
491 897 538 945 na
560 895 675 945 ossrrs
698 893 820 946 1111111111
841 893 974 944 suon-
988 895 1034 943 11.
1058 881 1109 944 36.
1259 881 1324 944 289

273 1083 325 1147 dis
346 1105 368 1147 a
390 1104 449 1148 suo
471 1087 588 1149 trunco
613 1081 719 1148 decisa
741 1083 783 1147 ad
815 1082 919 1146 trium
951 1082 1103 1168 iugerum
1139 1081 1282 1167 spatium
1305 1104 1326 1144 a

272 1184 381 1250 radice
412 1187 545 1273 propria
582 1192 758 1272 separetur.
820 1183 904 1265 Quae
942 1205 1016 1249 cum
1054 1184 1146 1250 nulla
1182 1183 1325 1249 hominis

272 1311 374 1354 manu
411 1296 554 1376 cogente,
593 1289 685 1353 nulla
720 1293 860 1375 urgente
898 1287 1100 1366 neoessitate,
1148 1288 1191 1352 ad
1228 1308 1326 1350 suum

271 1412 402 1457 reversa
432 1395 586 1457 truncum
618 1393 654 1456 in
685 1392 857 1477 antiquam
892 1391 1035 1456 radicem
1067 1411 1136 1456 sese
1168 1389 1327 1476 receperit

272 1499 503 1581 resumptoque
525 1516 619 1560 succo
642 1516 773 1560 rursum
795 1495 945 1560 floruerit
973 1497 1007 1559 et
1028 1494 1172 1558 fructum
1194 1493 1328 1572 fecerit;

272 1603 353 1662 tunc
385 1596 582 1684 sperandum
613 1603 665 1663 est
685 1595 820 1684 aliquod
841 1597 877 1662 in
908 1597 970 1661 hac
999 1596 1213 1691 tribulatione
1244 1594 1328 1678 sola·

272 1699 368 1780 cium,
402 1705 438 1781 et
466 1699 508 1766 de
539 1722 578 1765 eo
612 1722 710 1786 quam
742 1689 958 1787 prediximus
990 1699 1190 1765 adversitate
1223 1719 1328 1763 reme·

272 1802 385 1866 dium!
436 1802 518 1868 Haec
542 1824 616 1868 cum
640 1802 810 1882 dixissent,
844 1801 910 1888 ipsi
931 1802 1022 1881 ooelo,
1053 1801 1148 1867 vobis
1171 1823 1230 1888 ego
1253 1800 1326 1865 red-

272 1905 365 1970 ditus
387 1905 490 1971 sum.''
547 1905 724 1970 Assidebat
746 1905 896 1970 narranti
918 1905 1079 1970 visionem
1101 1904 1224 1991 regina,
1260 1903 1325 1969 Ro-

271 2008 385 2073 bertus
408 2008 509 2073 etiam
538 2009 621 2074 sacri
644 2014 752 2074 custos
786 2007 913 2095 palatii,
946 2008 1015 2072 dux
1039 2006 1205 2073 Haroldue
1226 2006 1328 2071 irater

271 2111 404 2197 reginae,
429 2110 610 2198 Stigandus
632 2110 734 2176 etiarn
757 2110 816 2196 qui
837 2110 985 2176 aseendit
1007 2109 1114 2174 cubile
1147 2109 1252 2196 patris
1274 2109 1325 2174 sui
1339 2111 1423 2190 areh-

271 2219 308 2278 et
330 2213 510 2279 maculavit
532 2220 674 2280 stratum
697 2215 775 2295 eius,
799 2215 935 2279 vivente
957 2214 1065 2278 adbuc
1086 2214 1325 2301 archiepiscopo
1339 2180 1469 2309 diffide

272 2316 418 2382 Roberto
441 2317 630 2384 cathedram
654 2315 925 2382 Oantuariensem
948 2317 1115 2382 invadens
1160 2315 1213 2381 Ob
1236 2317 1325 2402 quod
1338 2312 1486 2374 snpension

271 2443 295 2484 a
316 2441 442 2486 summo
475 2419 633 2508 pontifice
663 2441 847 2506 suspensae,
881 2419 981 2506 paulo
1013 2425 1088 2507 post
1120 2417 1253 2506 crepuit,
1290 2426 1324 2485 et
1338 2380 1388 2494 111
1391 2378 1473 2493 ppo
1475 2415 1481 2426 “

271 2523 377 2588 effusa
413 2529 490 2588 sunt
526 2522 651 2588 viscera
689 2521 767 2588 eius.
830 2523 898 2588 Hic
935 2523 978 2588 od
1011 2544 1125 2589 vocem
1162 2524 1326 2588 narrantis
1339 2511 1455 2626 ξξέξζῃὼθ
1535 2528 1539 2536 ’

272 2625 431 2690 obduruit
464 2647 524 2692 nec
549 2628 695 2690 terretur
729 2625 858 2690 oraculo
888 2647 948 2691 nec
981 2626 1082 2692 fidem
1103 2626 1222 2691 habuit
1254 2615 1483 2713 pro-Livea'erc.

272 2727 447 2814 phetonti;
481 2729 538 2794 sed
569 2728 679 2816 potius
708 2749 819 2814 regem
853 2729 1036 2794 confectum
1068 2729 1160 2795 senio
1190 2729 1327 2794 delirare
1340 2717 1453 2826 {gim’

272 2831 555 2911 submurmurans,
589 2830 696 2896 ridere
727 2831 847 2895 maluit
881 2854 980 2920 qnam
1013 2833 1132 2919 lugere.
1186 2832 1235 2897 At
1257 2830 1329 2919 ipsa
1391 2814 1397 2828 ⁸

272 2934 398 3021 regina,
432 2941 467 3000 et
498 2934 618 3020 quibus
653 2940 725 2999 erat
760 2956 853 3000 mens
875 2935 995 3011 sanior,
1031 2936 1089 3021 qui
1121 2936 1222 3001 etiam
1254 2958 1330 3000 con-

271 3048 448 3102 sueverant
480 3059 574 3102 nosse
597 3036 706 3103 Deum
729 3042 764 3102 et
797 3037 923 3119 timere,
957 3037 1083 3103 flebant
1117 3038 1261 3103 ubertim
1296 3042 1330 3103 et

271 3140 491 3225 suspirabant,
526 3139 605 3225 quia
637 3138 722 3203 1111111
756 3161 846 3205 secus
879 3161 979 3226 quam
1007 3142 1077 3228 ipse
1109 3140 1239 3206 dixerat
1270 3146 1330 3204 aut

271 3241 496 3308 sacerdotibus
518 3246 578 3306 aut
599 3240 803 3329 principibus
825 3242 898 3307 fieri
919 3264 987 3307 non
1009 3242 1215 3329 ignorabant
1263 3243 1329 3305 Re-

271 3343 451 3409 cordantur
473 3344 562 3409 enim
584 3365 643 3431 per
665 3344 748 3409 sacri
771 3343 896 3409 ordinis
928 3366 1084 3432 personas
1106 3344 1328 3410 Christianam

271 3446 382 3512 cultus
403 3446 597 3533 religionem
618 3445 785 3525 violatam,
818 3446 953 3533 haecque
975 3447 1178 3533 frequentius
1201 3469 1330 3512 summo

271 3553 408 3613 narrata
444 3548 600 3635 pontifici,
639 3548 812 3635 ipsumque
850 3571 972 3635 papam
1004 3553 1077 3613 turn
1115 3572 1173 3637 per
1204 3550 1330 3636 legatos

272 3657 348 3717 turn
370 3673 428 3738 per
449 3650 602 3743 epistolas
626 3672 738 3716 earum
753 3652 923 3717 vesaniam
946 3653 1140 3741 increpasse,
1156 3653 1329 3740 ipsumque

271 3775 383 3839 regem
405 3775 443 3818 ac
464 3752 612 3840 reginam
635 3751 687 3817 his
709 3753 805 3818 molis
828 3755 983 3819 curandis
1006 3755 1213 3843 diligentiam
1235 3756 1330 3820 adhi-

272 3856 391 3933 buisse,
429 3855 486 3920 sed
524 3854 696 3943 profecisse
732 3856 824 3921 nihil.
895 3857 1035 3944 Experti
1078 3862 1157 3923 sunt
1194 3858 1329 3923 tandem
1342 3871 1487 3922 lummene

272 3980 381 4045 regem
427 3958 668 4023 sanctissimum
702 3956 772 4023 haec
802 3980 871 4023 non
917 3960 957 4025 de
992 3958 1063 4025 suo¹
1105 3961 1224 4046 spiritu
1255 3982 1324 4047 pro
1342 3938 1429 4069 {Q

272 4060 433 4147 phetasse‚
450 4060 583 4145 quando
605 4082 665 4124 rex
689 4059 865 4140 Haraldus,
883 4063 941 4148 qui
964 4068 1079 4128 contra
1101 4064 1329 4129 iusiurandum
1342 4070 1433 4122 vision.

272 4163 364 4249 quod
387 4162 551 4229 Willelmo
583 4162 658 4227 duci
679 4161 801 4228 fecerat
822 4186 962 4251 regnum
984 4165 1161 4243 invaserat,
1194 4166 1330 4252 abipso

272 4266 383 4331 victus
404 4266 442 4329 in
472 4264 589 4353 proelio
613 4264 764 4351 Anglicas
792 4266 941 4332 libertati
962 4267 1063 4333 finem
1097 4267 1197 4346 dedit,
1229 4268 1333 4333 servi-

271 4370 343 4435 tuti
365 4368 506 4435 initium.
563 4367 662 4433 Unde
679 4367 813 4454 quidam
838 4370 1040 4456 praemissam
1056 4370 1332 4436 1111111111111111111112

272 4472 393 4537 dicunt
416 4493 525 4557 regem
548 4492 608 4556 pro
631 4470 824 4556 impossibili
848 4473 1012 4550 statuisse,
1036 4472 1086 4537 illi
1108 4474 1251 4539 marimo
1273 4474 1331 4559 qui

394 4808 469 4875 ¹m]
482 4825 542 4867 vno,
553 4809 610 4861 MS.
788 4810 793 4877 1
843 4814 852 4840 '·'
869 4809 1062 4879 similitudinem]
1082 4814 1261 4873 similitudinis.
1273 4818 1330 4868 MS.

371 4904 445 4954 VOL.
463 4907 498 4955 II.
1222 4917 1242 4962 Τ
