3567 5800
464 862 510 912 ns
534 863 647 913 orsus
670 863 790 914 arcun
812 861 1003 913 sucu-rr.
1021 850 1071 912 24.
1216 851 1278 913 261

234 1049 398 1115 tractavit
447 1051 494 1114 At
516 1050 683 1115 Horoldus
703 1049 745 1114 ed
767 1049 950 1115 vindictam
973 1063 1177 1136 provocatus,
1193 1050 1282 1114 inter

233 1151 386 1218 bracchia
400 1153 574 1218 astrictum
596 1154 633 1218 in
656 1153 784 1218 editum
806 1153 930 1230 levans,
953 1158 1155 1239 prostratum
1179 1152 1282 1218 allisit

234 1256 430 1341 pavimento.
488 1255 560 1335 Quo
586 1256 659 1320 viso
693 1255 814 1320 milites
845 1257 991 1342 undique
1020 1257 1225 1342 prosilientes
1247 1261 1282 1322 et

233 1359 327 1428 litem
365 1359 453 1424 inter
490 1359 608 1426 frames
642 1363 860 1426 contestatam
893 1363 1047 1446 potenter
1079 1359 1280 1437 dirimentes,

235 1461 409 1527 bellatores
431 1463 594 1527 animosos
617 1463 659 1526 ab
681 1462 824 1528 invicem
844 1461 1035 1527 diviserunt.
1082 1461 1155 1526 Rex
1169 1467 1281 1527 antem

235 1563 410 1649 perniciem
448 1565 633 1643 eorundem,
672 1565 757 1630 sicut
795 1564 836 1630 do
873 1564 920 1629 eis
957 1569 1035 1629 aute
1071 1564 1280 1651 prredixerat,

236 1672 335 1754 prout
364 1668 401 1732 in
434 1667 647 1754 sequentibus
677 1667 832 1745 dicemus,
864 1668 930 1731 iam
953 1667 1213 1754 appropinquare
1246 1672 1281 1732 et

234 1771 319 1835 iram
342 1770 409 1858 Dei
427 1771 579 1836 ultricem
602 1775 638 1836 et
659 1770 758 1836 letale
782 1769 956 1836 discidium
981 1791 1049 1836 non
1085 1791 1154 1834 esse
1189 1769 1280 1834 diffe-

236 1872 374 1938 rendum
407 1873 572 1958 praedixit.
633 1872 750 1938 Tantas
780 1893 923 1958 namque
953 1871 1139 1957 iniquitatis
1168 1881 1455 1961 omncsRnpaejtyos

235 1975 297 2040 filii
319 1975 473 2041 Godwini
495 1979 597 2054 erant,
622 1975 720 2062 quod,
741 1976 770 2040 si
792 1974 931 2040 alicuius
953 1974 1069 2039 villam
1090 1974 1280 2060 praeolaram
1293 1949 1425 2066 {aaut

237 2078 467 2164 conspicerent,
491 2078 663 2143 dominum
688 2077 778 2143 illius
800 2078 840 2142 de
863 2081 960 2142 noete
989 2079 1202 2163 procurarent
1231 2077 1282 2140 in-

235 2181 348 2258 terfici,
372 2181 624 2268 progeniemque
654 2179 763 2257 deleri,
796 2185 835 2245 ut
869 2179 1018 2245 defirnoti
1048 2179 1282 2266 possessionem

235 2284 428 2368 optinerent.
490 2283 556 2364 Qui
589 2306 663 2349 cum
695 2283 833 2348 mollitis
855 2290 890 2349 et
920 2282 1055 2348 mellitis
1087 2282 1281 2348 sermocina

236 2387 389 2462 tionibus,
417 2409 490 2452 oum
517 2391 628 2452 tamen
656 2391 765 2452 essent
787 2386 901 2463 iaarrla,
924 2386 1011 2472 regis
1033 2385 1133 2450 nimis
1158 2385 1283 2451 creduli

235 2490 518 2555 circumvenerunt
540 2489 794 2576 simplieitatem,
822 2494 899 2574 post
924 2488 1031 2553 multa
1057 2489 1203 2553 enormia
1224 2487 1284 2552 fla·

234 2593 328 2678 gitis,
351 2593 440 2678 quod
468 2593 554 2679 ipsos
583 2594 676 2679 regni
706 2593 903 2657 iustitiarios
932 2591 1158 2667 constituerat
1190 2592 1283 2677 regni

234 2699 374 2760 rectores
411 2701 445 2761 et
483 2693 702 2781 dispositores
762 2694 895 2760 Tostius
937 2699 1050 2759 autem
1086 2698 1163 2781 post
1199 2693 1284 2758 huno

235 2797 480 2863 altercationem
503 2797 700 2864 cumfratre
723 2819 781 2864 sno
813 2795 962 2862 Haroldo
987 2797 1115 2875 luctam,
1147 2820 1168 2861 a
1193 2797 1284 2862 ouria

234 2902 320 2987 regis
335 2902 533 2967 furibundus
555 2903 707 2982 reeessit;
729 2906 764 2967 et
785 2901 921 2966 veniens
944 2899 987 2965 ad
1010 2899 1283 2967 Herefordensem

236 3004 414 3084 civitatem,
437 3005 496 3069 ubi
520 3005 621 3070 frater
641 3027 719 3069 suus
747 3004 915 3069 Horoldus
934 3024 1092 3089 magnum
1117 3003 1187 3089 regi
1209 3025 1285 3069 con-

236 3107 363 3172 virium
386 3112 568 3193 paraverat,
586 3128 698 3173 omnes
721 3107 889 3171 ministros
912 3106 982 3170 eius
1009 3105 1228 3182 detruncavit,
1250 3112 1285 3171 et

236 3210 274 3272 in
303 3210 391 3274 vasis
420 3210 568 3295 singulis,
606 3210 679 3275 vini
717 3209 839 3274 seilicet
877 3208 1027 3273 medonis
1065 3208 1212 3273 cervisiae
1249 3214 1284 3273 et

236 3312 374 3377 aliorum
411 3312 613 3398 poculorum,
652 3334 724 3378 crus
766 3311 820 3376 vel
857 3309 1044 3375 bracchium
1079 3315 1114 3375 et
1151 3310 1284 3395 aliquod

237 3415 382 3480 frustum
406 3416 460 3480 vel
482 3415 667 3480 membrum
692 3416 734 3480 de
756 3414 946 3500 corporibus
968 3414 1132 3479 truncatis
1154 3414 1284 3478 immer-

237 3518 290 3595 sit,
322 3517 484 3582 mandans
510 3518 580 3604 regi
603 3522 643 3582 ut
664 3517 707 3582 ad
730 3517 860 3581 firmam
883 3538 976 3581 suam
998 3516 1145 3595 veniens,
1173 3539 1285 3581 carnes

236 3619 403 3684 inveniret
425 3620 469 3685 ad
499 3620 727 3685 sufficientiam
758 3620 986 3705 salsuginatas,
1018 3620 1151 3685 delicias
1173 3626 1282 3686 autem

236 3727 435 3807 procuraret.
484 3722 556 3787 Rex
583 3728 693 3787 sutem
716 3722 801 3787 hanc
823 3720 1116 3787 subsannationem
1138 3723 1284 3801 audiens,
1298 3731 1424 3809 {fortier-

236 3824 281 3889 ob
311 3823 414 3889 scelus
446 3826 527 3892 adeo
562 3825 792 3891 detestandum
825 3824 1050 3890 maledicendo
1079 3824 1176 3891 iussit
1210 3798 1356 3891 eum¹10ss

237 3926 378 3993 exulare

239 4251 492 4321 Conrlnun'rm.
540 4254 716 4338 Quocirca
742 4254 939 4320 Ecllcordus
957 4252 1106 4318 ‘istorum
1124 4254 1286 4339 fratrum
1298 4270 1396 4328 Ainea

323 4357 517 4443 perniciem
539 4358 582 4424 iu
605 4357 765 4444 ipsorum
787 4356 949 4443 insontia
971 4355 1068 4442 leupo
1089 4362 1169 4421 urite
1195 4378 1284 4441 proe·
1297 4340 1415 4455 {222⁹}

329 4459 471 4525 (dixerat.
1297 4470 1452 4522 Edw.Conf.

1298 4540 1337 4588 ed.
1349 4537 1443 4597 Luard,

287 4664 445 4729 Ssnsnnr
476 4666 518 4731 ad
551 4688 696 4732 mensam
734 4667 911 4754 aliquando
948 4688 1007 4731 rex
1045 4666 1168 4743 beatus,
1201 4669 1235 4729 et
1266 4608 1426 4740 aiiilii’r

240 4768 341 4833 latere
365 4768 436 4833 eius
465 4792 571 4835 eomes
595 4770 775 4836 (lodwinus
805 4776 899 4857 pater
929 4770 1050 4858 reginzo
1083 4767 1223 4847 Enthae,
1248 4767 1287 4833 de
