3567 5800
471 833 515 895 84
739 849 807 898 nro.
829 848 877 898 ns
899 848 1032 900 ernnuo.
1055 848 1144 898 senc.
1168 849 1254 900 nrsr.

469 1019 720 1104 possessumnn”
779 1018 866 1085 Nam
898 1025 1011 1108 postea
1042 1019 1138 1086 iuxta
1170 1021 1290 1088 somnii
1326 1019 1525 1110 interpreta-

468 1121 594 1186 tionem
643 1121 915 1188 Cantuariensem
960 1123 1050 1189 rexit
1097 1123 1264 1190 ecelesiam
1307 1124 1344 1188 in
1391 1126 1525 1190 nomine

469 1221 601 1289 Sanotae
627 1223 801 1289 Trinitatis
827 1224 1022 1302 dedicatam,
1048 1224 1309 1290 Londoniensem
1331 1225 1368 1290 in
1391 1226 1525 1292 nomine

468 1323 573 1400 Pauli,
603 1330 638 1391 et
669 1325 845 1391 Rofensem
877 1327 916 1390 in
946 1325 1037 1394 beati
1068 1327 1212 1394 Andreae
1245 1328 1380 1394 nomine
1412 1350 1524 1394 eonse-

298 1495 367 1549 nor.
469 1430 601 1493 natam.

298 1563 408 1630 Vigorn.

302 1631 367 1681 al).
377 1637 434 1684 950.

296 1696 455 1816 Ἠξζᾱ·
559 1711 808 1781 connsunrro.
872 1715 915 1782 Ut
941 1736 999 1782 raa
1024 1715 1207 1784 Eudo-edus
1228 1715 1332 1784 neos
1353 1736 1431 1783 auos

296 1829 402 1881 Weom.
829 1823 984 1904 potenter·
1004 1817 1153 1884 uadunt.

295 1895 365 1946 AD.
379 1902 436 1950 94⁸.

513 1946 592 2012 Rex
637 1947 810 2014 Eadredus
846 1971 907 2035 pro
952 1949 1148 2016 infidelitate
1186 1949 1519 2016 Northumbrensium

293 2023 404 2143 m
466 2047 559 2115 illam
580 2051 785 2136 provinciam
807 2049 1006 2118 devastavit
1074 2051 1117 2118 In
1139 2074 1206 2139 qua
1227 2051 1461 2118 monasterium
1483 2053 1522 2116 in

293 2155 432 2209 Noruum-
468 2151 582 2239 Ripun
603 2176 625 2218 a
646 2158 761 2219 sancto
784 2152 926 2219 Wlfrido
957 2157 1180 2220 oonstructum
1204 2159 1255 2220 est
1277 2154 1408 2240 ignibus
1445 2175 1521 2219 oon-

292 2224 403 2278 terune
466 2259 656 2320 oromatum.
717 2255 784 2321 Sed
805 2277 881 2342 rege
915 2255 1095 2334 reoedente,
1120 2257 1284 2322 exercitus
1306 2257 1348 2322 ds
1371 2255 1519 2322 Eboraoo

464 2376 638 2443 erumpens
673 2355 713 2422 in
743 2361 894 2421 extrema
931 2362 1026 2444 parte
1058 2357 1222 2424 exereitus
1258 2358 1346 2444 regis
1377 2358 1517 2422 multam

461 2455 541 2522 fecit
561 2463 714 2545 stragern
779 2457 856 2524 Hoe
877 2464 990 2524 autem
1014 2459 1147 2546 cognito
1169 2483 1191 2525 a
1211 2482 1298 2548 rege,
1320 2459 1428 2526 redire
1450 2460 1519 2525 dis-

460 2559 572 2644 posuit
600 2565 635 2625 et
671 2581 785 2626 ornnes
820 2560 932 2626 hostes
963 2582 1039 2627 suos
1071 2582 1176 2648 usque
1208 2563 1251 2627 ad
1273 2585 1378 2628 unum
1400 2561 1518 2627 delere.

461 2661 528 2726 Sed
549 2683 630 2748 gens
665 2661 973 2728 Northnmbrorum
1003 2664 1101 2730 valde
1131 2664 1308 2751 perterrita
1346 2664 1516 2740 Eilrieum,

459 2783 557 2848 quem
602 2762 667 2828 sibi
704 2785 814 2850 regem
851 2765 1103 2844 eonstitueraut,
1147 2765 1336 2844 abicientes,
1375 2765 1517 2832 Eadmdi

459 2865 546 2952 regis
567 2864 708 2931 iniurias
739 2865 920 2933 honoribus
950 2870 985 2933 et
1008 2866 1209 2933 detrimenta
1237 2867 1429 2934 muneribus
1459 2889 1517 2933 ex-

347 3003 351 3009 ·
459 2966 642 3034 uoluerunt
701 2966 865 3034 Praefatus
886 2990 966 3035 vero
982 2968 1287 3035 Northumbmrum
1301 2990 1361 3035 rex
1376 2969 1517 3037 Eilricus

461 3067 499 3133 in
522 3068 666 3155 quadam
690 3069 878 3147 solitudine,
904 3092 978 3155 quae
1001 3070 1170 3136 Steinmor
1192 3070 1323 3149 dicitur,
1347 3092 1421 3137 oum
1446 3072 1517 3137 filio

457 3192 518 3235 suo
533 3169 680 3236 Henrioo
694 3176 729 3236 et
750 3171 853 3237 fratre
876 3171 1060 3259 Reginaldo
1082 3172 1268 3260 proditione
1291 3173 1395 3240 Osulfi
1418 3174 1517 3239 eomi-

456 3273 501 3337 tis
516 3293 539 3337 a
552 3272 692 3339 Maeona
714 3271 846 3338 eonsule
868 3271 1097 3340 fraudulenter
1118 3272 1311 3363 interempti
1334 3280 1419 3342 sunt.
1465 3276 1517 3341 Ac

456 3373 576 3439 deinde
598 3374 635 3439 in
656 3373 809 3461 partibus
830 3373 896 3440 illis
919 3396 978 3440 rex
1001 3375 1173 3442 Eadredus
1194 3376 1358 3464 regnavit

286 3570 445 3636 negano

285 3638 419 3755 iffi?
506 3664 756 3732 Oourmumo.
820 3666 864 3735 Ut
886 3688 944 3733 rea
966 3666 1149 3735 Euda-edas
1171 3666 1464 3757 arctopoapam

289 3769 416 3823 nonar
847 3768 1121 3836 incarceraverit.

289 3840 339 3889 aud
351 3844 407 3889 953.

288 3950 399 4015 wlstan,
502 3930 697 3997 Pnsnrus
726 3952 805 3997 vero
831 3953 891 3997 rex
922 3932 1092 3998 Eadredus
1118 3930 1307 3998 wlstanum
1338 3932 1512 4019 arehiepis-

286 4018 439 4135 mu
458 4055 577 4122 copam
592 4034 829 4100 reomensem
849 4034 886 4098 in
909 4032 1113 4099 whitaoirn
1135 4040 1242 4100 mam
1264 4035 1376 4122 posuit
1390 4036 1427 4099 in
1440 4056 1511 4100 eus.

281 4124 591 4217 impnmnintodiam,
606 4138 686 4223 quia
699 4137 886 4224 frequenter
901 4136 989 4223 apud
1012 4158 1088 4201 eum
1113 4136 1327 4203 aoomabatur
1349 4138 1446 4202 oertis
1470 4138 1512 4202 de

457 4241 574 4319 causis,
589 4246 630 4306 ut
645 4241 703 4326 qui
718 4240 807 4305 cives
826 4237 1082 4304 Thotsordenses
1104 4238 1214 4324 plures
1238 4238 1342 4305 oooidi
1365 4238 1461 4303 iussit
1475 4240 1513 4303 in

456 4343 614 4408 ultionem
639 4340 786 4407 Aldelmi
807 4339 932 4406 iniuste
956 4339 999 4404 ab
1025 4340 1072 4405 eis
1095 4340 1281 4421 interfecti3
1312 4339 1371 4406 sed
1393 4340 1436 4407 ob
1462 4362 1513 4405 re·

284 4468 436 4525 hisrelem.
455 4446 637 4510 verentium
661 4443 834 4531 dignitatis
856 4440 1013 4507 elerioalis
1035 4446 1150 4529 postea
1163 4442 1262 4508 venia
1276 4440 1448 4509 donatum¹
1472 4464 1513 4508 ao

843 4635 1023 4643 .—....-..----
1050 4634 1206 4643 *ἡ*
1244 4634 1324 4641 -----

615 4744 621 4773 ¹
639 4742 765 4808 donatum]
784 4744 904 4795 donatum
916 4741 1022 4806 laxavit,
1035 4742 1107 4795 Will.
1120 4742 1209 4795 Maior.
1221 4742 1247 4794 ii.
1260 4740 1276 4806 ξ
1292 4746 1347 4792 146.
