3567 5800
352 896 400 945 nn
421 894 537 947 orsus
558 896 681 948 accon
701 897 901 949 inca-111.
927 886 1044 951 23-25.
1171 890 1233 954 129

591 1194 671 1261 CAP.
696 1194 802 1261 XXV.

442 1396 449 1411 ‚
1246 1346 1401 1412 regnem.
1482 1318 1483 1323 ’

232 1395 284 1461 Dc
308 1417 515 1463 acccmeaoac
536 1405 566 1465 et
590 1400 804 1466 coronatam
827 1397 995 1467 Edwardi
1025 1398 1186 1480 Secundi,
1246 1414 1379 1465 anenno.

452 1499 677 1588 prinropeac'ti
703 1501 840 1587 Edpcri
865 1502 964 1587 repis.
1247 1480 1383 1601 ξῖξῃξῇῦ

234 1651 399 1717 Pncnnco
428 1674 504 1739 rege
531 1652 661 1741 Edgaro
695 1654 858 1733 defunct0,
883 1654 923 1718 de
955 1676 1029 1740 rege
1061 1676 1146 1719 novo
1179 1654 1235 1719 eli-

188 1756 296 1842 gendo
310 1776 431 1841 magna
445 1756 532 1822 inter
554 1758 647 1843 regni
670 1758 832 1845 principes
856 1756 1013 1822 dissensio
1037 1762 1088 1821 est
1109 1762 1233 1822 exorta.

191 1858 335 1938 Quidam
364 1859 453 1923 enim
482 1860 587 1924 filium
620 1862 707 1948 regis
733 1860 856 1947 Edgari
879 1860 1137 1947 primogenitum
1170 1858 1234 1925 Ed-

190 1962 349 2040 wardum,
386 1962 520 2047 quidam
557 1985 635 2028 vero
665 1964 803 2028 fratrem
841 1963 911 2027 eius
949 1962 1165 2028 Ethelredum
1195 1962 1235 2027 de

190 2064 333 2129 secunda
356 2086 457 2129 uxore
479 2073 679 2151 generatum,
695 2066 896 2131 unanimiter
918 2064 1094 2151 elegerunt.
1129 2065 1234 2145 Quam

190 2167 233 2231 ob
254 2188 384 2231 causam
408 2167 473 2232 duo
491 2169 745 2256 archipraesules,
770 2169 964 2234 Dunstanus
988 2168 1235 2234 Cantua1·iensis

191 2274 226 2334 et
258 2268 429 2335 Oswaldus
460 2270 680 2351 Eboracensis,
712 2294 787 2339 cum
821 2272 1025 2359 coepiscopis,
1058 2270 1235 2336 abbatibus

192 2372 401 2459 ducibusque,
425 2374 462 2437 in
491 2396 595 2439 unum
621 2374 864 2452 convenientes,
888 2374 1089 2439 Edwardurn
1112 2375 1233 2461 primo·
1249 2402 1399 2454 Gerounion

191 2477 341 2564 genitum
368 2475 492 2561 Edgari
514 2478 609 2564 regis,
631 2483 670 2541 nt
693 2479 761 2563 ipse
785 2478 935 2564 Edgarus
958 2477 1147 2555 dictaverat,
1172 2478 1234 2541 eie·
1247 2470 1277 2585 ἓξ
1290 2469 1397 2518 nocam

191 2584 314 2665 gerunt
334 2578 371 2641 in
384 2600 502 2664 regem.
551 2579 651 2645 Anno
674 2580 776 2665 igitur
791 2580 974 2644 Dominicis
997 2580 1234 2645 incarnationis
1250 2573 1317 2671 an.
1331 2624 1386 2671 975·

192 2682 479 2767 noningentesimo
503 2683 741 2770 septuagesimo
765 2683 881 2768 quinto
904 2683 1019 2747 beatus
1043 2683 1236 2748 Dunstanus

195 2784 441 2851 Oantnariensis
472 2785 729 2872 archiepiscopus
761 2786 925 2870 ceterique
963 2785 1104 2872 episcopi
1134 2788 1238 2851 totius

192 2888 335 2976 Angliae,
365 2889 401 2952 in
423 2911 527 2954 unum
554 2889 794 2968 convenientes,
816 2889 1011 2976 pradictum
1039 2888 1239 2954 Edwardum

192 2997 474 3068 consecraverunt,
499 2993 591 3056 etin
614 3014 723 3088 regern
738 2993 934 3078 quibusdam
957 2992 1239 3058 murmurantibus

192 3095 409 3159 inunxerunt.
456 3094 545 3159 Nam
568 3116 708 3160 noverca
731 3095 810 3160 dicti
837 3094 1003 3172 Edwardi,
1028 3095 1118 3160 cuius
1141 3116 1239 3181 supra
1252 3116 1349 3167 Elnida

193 3197 414 3274 meminimus,
466 3198 580 3284 regina
620 3196 755 3274 Elsrida,
801 3197 943 3261 secunda
989 3217 1073 3260 uxor
1117 3197 1239 3283 Edgori
1252 3185 1386 3301 diffidr

193 3301 287 3386 regis,
323 3299 428 3363 filium
473 3321 569 3363 suum
607 3299 829 3376 Ethelrcdum‚
868 3298 948 3362 dicti
985 3299 1071 3384 regis
1117 3298 1239 3384 Edgori
1252 3315 1352 3366 horson

193 3403 301 3466 filium
324 3423 367 3464 ex
397 3403 469 3488 ipsa
491 3401 620 3466 Elfrida
641 3401 858 3489 progenitum,
889 3401 950 3466 vix
972 3401 1145 3488 puerulum
1168 3423 1239 3488 sep·
1251 3383 1376 3514 ffilffd·

193 3511 338 3583 termam,
361 3525 552 3591 promovere
575 3506 763 3584 conabatur,
786 3509 826 3570 ut
849 3506 922 3592 ipsa
943 3503 1053 3591 potius
1077 3505 1137 3569 sub
1168 3505 1238 3570 eius
1252 3482 1338 3583 Mihi.
1350 3533 1376 3584 ii.

194 3607 330 3672 nomine
352 3613 511 3692 regnaret.
574 3607 691 3692 Sicque
716 3613 791 3693 post
812 3608 977 3672 decessum
1007 3608 1091 3694 regis
1113 3607 1239 3693 pacifici
1253 3601 1268 3664 §
1284 3605 1337 3652 ¹⁶¹·

195 3709 321 3796 Edgari
343 3709 436 3795 regni
459 3713 565 3775 status
579 3710 791 3797 perturbatus
806 3717 864 3791 est,
888 3715 922 3775 et
944 3711 979 3773 in
1000 3710 1240 3776 execrationem

196 3817 426 3880 commutatus.
471 3813 517 3877 Et
540 3819 684 3878 extunc
708 3815 838 3880 malitia
859 3801 1030 3880 hominum
1047 3815 1240 3901 pullulante,

196 3917 338 3982 felicitas
367 3915 461 4002 regni
483 3915 659 3980 imminuta
682 3923 741 3983 est.
788 3917 880 3983 Tunc
901 3919 973 3982 visa
996 3923 1143 3994 cometes,
1168 3940 1241 4003 quae

195 4019 252 4086 vel
282 4021 407 4104 pestem
436 4017 686 4106 provincialium
711 4020 766 4084 vel
799 4021 893 4108 regni
923 4022 1138 4085 mutationem
1168 4041 1240 4106 por-

196 4123 332 4188 tendere
354 4143 412 4208 pro
428 4143 505 4186 vero
521 4127 734 4186 asseveratur.
780 4123 860 4204 Nec,
874 4145 966 4188 mora
979 4149 986 4188 :
1015 4127 1126 4189 secuta
1148 4123 1242 4188 steri·
1254 4144 1364 4196 Famine.

196 4228 276 4291 litos
300 4223 400 4303 anni‚¹
417 4223 519 4289 sames
540 4223 720 4307 hominurn,
736 4231 772 4290 et
793 4247 880 4291 mors
902 4227 1131 4291 iumentorum.
1187 4226 1241 4291 Ad

196 4328 268 4397 hrec
283 4327 445 4414 principes
459 4327 591 4414 plurimi
605 4333 640 4393 et
654 4328 829 4413 optimates
842 4329 977 4394 abbates
989 4350 1062 4394 cum
1076 4329 1242 4394 monachis
1254 4349 1380 4402 Intrusive

197 4433 239 4496 de
269 4431 474 4496 monasteriis
503 4431 540 4495 in
575 4432 693 4516 quibus
722 4454 782 4497 rex
815 4431 965 4519 Edgarus
994 4455 1048 4496 eos
1077 4432 1242 4498 locaverat
1254 4418 1367 4481 regnare

200 4534 410 4622 expulerunt,
450 4539 485 4598 et
522 4533 663 4617 clericos,
698 4540 738 4599 ut
774 4537 873 4622 prius,
909 4536 978 4600 loco
1018 4557 1130 4600 eorum
1168 4558 1242 4602 curn
1254 4483 1405 4603 dimi

1257 4617 1349 4681 clergy.

549 4850 556 4880 ¹
570 4848 644 4913 carr]
660 4847 723 4909 arvi,
735 4847 806 4898 win
818 4847 904 4900 Malm.
