3567 5800
438 912 485 963 nn
507 908 622 959 omns
642 906 762 958 amur
784 902 983 955 lucu-111.
1000 890 1051 953 ll.
1245 888 1285 953 tl

282 1102 413 1171 Eodem
447 1104 595 1187 ternpore
625 1093 728 1183 Hugo
756 1092 846 1159 filins
875 1090 1014 1159 Roberti
1043 1088 1173 1158 comitis
1202 1098 1457 1217 εοτἬΨειιᾱ.

237 1230 307 1276 rem
336 1204 425 1293 regis
452 1197 654 1269 AEthclstani
683 1197 783 1264 duxit
815 1216 962 1261 uxorem.
1021 1193 1146 1261 Eodem
1175 1190 1288 1281 imque
1301 1137 1434 1285 wffla

238 1318 387 1399 “mpffi
423 1310 523 1373 ituit
549 1303 641 1369 inter
676 1320 786 1388 regem
816 1296 1064 1365 AEthelstanum
1092 1300 1209 1362 exorta
1237 1298 1367 1362 catal).
1381 1304 1428 1351 aar

237 1411 386 1479 amicitia
413 1413 450 1475 et
473 1407 589 1473 ducem
617 1400 834 1469 Normanniae
863 1398 1055 1475 Robcrtum,
1084 1396 1173 1485 quod
1200 1368 1418 1465 uter-”³⁹²⁸·

238 1539 304 1605 que
333 1515 371 1580 in
394 1511 493 1578 rebus
526 1505 753 1575 dominaretur
779 1502 927 1585 alterius,
957 1507 992 1569 et
1020 1500 1057 1567 in
1086 1500 1184 1567 rebus
1220 1499 1419 1583 bel-Attianos

238 1620 312 1689 licis
340 1612 465 1683 mutuis
494 1609 738 1700 congauderent
766 1605 909 1673 auxiliis,
1301 1570 1443 1703 ffidglpr·

332 1928 583 1998 consummo.
642 1927 734 1997 Noto
754 1925 970 1995 retroactum
992 1924 1033 1993 dc
1055 1922 1202 1993 modoet
1304 1904 1461 2027 ffiffl‘i

1306 2041 1412 2093 Westrra

287 2130 552 2197 AErnmsrarws
592 2150 661 2207 rex,
701 2128 857 2216 reliquias
897 2134 1086 2197 sanctorum
1122 2128 1217 2219 regni
1242 2108 1374 2195 suibl'·
1387 2112 1443 2159 ⁹²⁹·

243 2234 402 2299 orationis
440 2233 550 2320 gratia
588 2236 701 2321 petere
740 2230 927 2310 decernens,
966 2232 1149 2301 Glnstoniae
1186 2252 1295 2299 ooeno-
1307 2242 1452 2297 mitonem

243 2336 339 2401 aium
376 2336 413 2401 in
453 2334 568 2423 primis
602 2336 743 2401 devotus
780 2334 912 2422 peuce.
980 2333 1064 2401 nac
1097 2340 1209 2403 autem
1247 2334 1296 2402 ibi
1308 2311 1463 2445 1⁸,th

243 2438 396 2525 quadam
421 2436 543 2503 nobilis
571 2440 733 2519 matrona,
759 2435 893 2502 nomine
917 2436 1054 2515 Ellleda,
1080 2438 1190 2526 neptis
1212 2436 1297 2505 eina-

243 2542 321 2607 dem
359 2540 453 2627 regis,
498 2558 573 2626 quae
612 2538 735 2605 marito
769 2538 925 2605 defuncto
968 2538 1134 2607 vidualem
1179 2540 1296 2609 ducere

242 2645 351 2709 vitam
397 2644 566 2730 exoptans,
614 2641 659 2707 cd
702 2640 937 2707 occidentalem
982 2641 1122 2709 coenobii
1165 2642 1427 2730 plagammoue

243 2746 389 2833 elegerat
443 2743 655 2810 mansionem.
722 2742 807 2810 Hree
849 2742 973 2811 femina
1025 2744 1177 2831 religiosa
1224 2744 1296 2833 regi
1307 2720 1460 2839 ffihd

246 2848 456 2915 AEthelstano
486 2846 660 2934 prandium
699 2845 844 2914 studiose
872 2846 1013 2935 paravit,
1054 2868 1152 2936 quem
1189 2849 1297 2938 gratia
1308 2870 1392 2922 uum

247 2951 406 3018 orationis
428 2950 633 3017 Glastoniam
652 2954 833 3016 venturum
854 2951 1037 3036 praesentit.
1082 2951 1299 3018 Prreoursores
1309 2923 1424 3056 {Q}

246 3076 326 3121 vem
355 3054 454 3141 regie
478 3051 782 3132 administrationis,
822 3053 962 3120 scientes
1000 3053 1089 3141 quod
1116 3075 1177 3122 rex
1206 3055 1300 3143 nepti

246 3179 318 3224 snae
347 3156 391 3222 ad
419 3177 454 3222 sc
483 3155 669 3222 divertendi
692 3176 789 3221 causa
817 3153 1007 3243 hospitandi
1035 3155 1203 3223 licentiam
1226 3180 1301 3224 oon·

247 3259 405 3340 emisset,
447 3257 501 3324 die
539 3256 736 3344 precedenti
769 3263 933 3324 venerunt
970 3257 1013 3324 ad
1053 3257 1234 3326 videndum
1272 3259 1301 3325 si

248 3361 361 3426 omnia
403 3359 584 3426 neoessaria
626 3363 812 3446 praeparata
850 3358 998 3426 frrissent.
1067 3359 1113 3428 Et
1149 3361 1300 3428 omnibus

251 3464 426 3552 diligenter
463 3461 625 3548 inspeetis,
668 3461 824 3527 dixerunt
853 3461 898 3526 ad
927 3461 1038 3528 illam:
1079 3469 1098 3498 ‘⁸
1125 3463 1299 3532 Universa

249 3564 545 3632 administrationis
585 3562 815 3630 sufficientiam
854 3563 962 3644 habes,
1002 3563 1032 3630 si
1060 3563 1124 3632 tibi
1153 3567 1301 3634 medonis

249 3667 346 3755 copia
374 3688 443 3732 non
473 3667 611 3745 deesset,
642 3686 743 3752 quam
778 3687 839 3732 rex
875 3687 974 3754 super
1011 3689 1123 3735 omncs
1159 3669 1301 3758 liquores

250 3775 367 3858 potare
391 3768 553 3835 affectat''
597 3767 644 3834 Et
662 3768 742 3834 illa:
782 3768 897 3835 “Non
925 3769 1074 3858 patiatur
1102 3777 1209 3840 mater
1234 3773 1302 3839 Do·

250 3872 337 3937 mini
365 3871 433 3938 mei
461 3871 539 3937 Iesu
568 3868 700 3952 Christi,
730 3874 771 3938 ut
799 3869 836 3935 in
865 3892 978 3938 mensa
1007 3873 1094 3960 regis
1123 3875 1218 3942 rnedo
1247 3876 1304 3942 de·

250 3972 371 4040 ficiat”
424 3973 470 4040 Et
494 3973 560 4038 Dei
583 3971 753 4060 genitricis
781 3971 949 4039 ecclesiam
976 3973 1106 4041 intrans
1135 3976 1243 4044 Deum
1268 3983 1305 4046 et

252 4078 326 4143 eius
361 4079 501 4142 matrem
538 4095 607 4140 sese
643 4079 801 4162 rogatura
836 4076 1023 4163 prostravit.
1084 4078 1173 4160 Quid
1202 4086 1317 4170 ergol·
1402 4103 1405 4111 ’

258 4178 360 4245 Venit
386 4197 447 4244 rex
475 4177 583 4244 multo
610 4175 754 4264 stipatus
781 4177 926 4244 militum
955 4179 1123 4259 comitatu,
1165 4187 1201 4250 et
1228 4190 1304 4271 post

251 4283 430 4348 missarum
456 4278 689 4347 celebrationes
725 4279 889 4346 invitatus
918 4281 962 4348 ad
991 4283 1165 4369 prandium
1202 4287 1305 4354 intro-

250 4384 329 4451 ivit
388 4382 454 4449 Sed
490 4382 527 4447 in
566 4380 673 4469 primo
712 4381 890 4469 propinatu
920 4385 1088 4452 vasculum
1125 4377 1209 4454 illud
1249 4412 1306 4457 ex-

251 4487 395 4553 hausere
422 4483 514 4550 aridi
541 4488 710 4571 potatores
731 4483 776 4550 ad
804 4485 903 4550 nnius
932 4487 1085 4574 palmulae
1110 4509 1306 4562 mensnram.

252 4590 305 4656 Et
343 4592 427 4676 post,
459 4587 532 4653 Deo
561 4589 705 4674 augente
741 4590 777 4652 et
804 4586 904 4654 beata
932 4589 1054 4657 femina
1090 4601 1305 4681 promerente,

253 4689 345 4758 nihil
379 4689 532 4756 minuens
566 4691 641 4755 tota
668 4687 723 4754 die
763 4687 1016 4776 propinantibus
1044 4693 1196 4763 substitit
1231 4699 1307 4787 pin·

252 4791 385 4874 comm
414 4791 465 4860 sa
488 4786 559 4880 [ur]
589 4789 715 4858 mets
735 4789 932 4860 manchus
953 4793 1115 4864 sufflare
1136 4798 1306 4870 univesa
