3567 5800
542 856 608 919 202
799 870 864 919 nro.
887 870 936 919 mc
958 871 1091 925 cremo.
1117 874 1209 925 seso.
1233 874 1320 925 mer.

543 1053 702 1121 Ricardus
726 1054 850 1121 scilicet
872 1060 906 1121 et
930 1056 1104 1136 Robartus,
1131 1058 1167 1125 et
1188 1056 1364 1125 laudabilis
1388 1080 1493 1124 eorum
1509 1058 1569 1125 viu

542 1161 575 1221 et
597 1177 686 1222 mors
705 1156 921 1225 nihilominus
943 1159 1087 1247 pretiosa
1111 1160 1264 1227 declarat
1313 1160 1379 1227 His
1406 1161 1569 1229 Edwardm

540 1264 653 1325 noster
680 1259 849 1327 natalibus
879 1266 982 1341 ortus,
1013 1284 1209 1350 generosum
1241 1264 1439 1351 nngumem
1468 1270 1498 1329 et
1527 1288 1568 1329 sn

539 1361 666 1450 pientia
698 1363 893 1432 nobilitavit
923 1369 958 1432 et
987 1366 1069 1435 vitu
1130 1366 1198 1433 Sed
1225 1366 1294 1433 iem
1324 1367 1438 1453 qualia
1465 1366 1568 1433 fuerin

539 1466 727 1533 sanctitatis
750 1467 819 1533 cius
840 1467 1030 1554 primordia
1057 1468 1165 1557 qualis
1192 1490 1390 1556 progressus,
1412 1471 1482 1557 quis
1500 1471 1569 1545 finis,

417 1595 420 1603 ·
539 1568 715 1655 diligenter
736 1569 978 1658 inspiciendum
1000 1578 1035 1638 ct
1057 1572 1100 1639 ed
1123 1572 1305 1640 multorum
1336 1572 1567 1641 eductionem

539 1672 617 1739 stilo
638 1672 789 1739 ducimus
810 1673 1055 1741 illustrandum.

371 2102 487 2220 poipgpz
985 2095 1066 2162 One.
1083 2096 1152 2161 III.

554 2295 604 2361 Dc
626 2296 826 2363 detruncato
842 2296 933 2383 quod
955 2296 1104 2485 repedem
1130 2296 1299 2365 Eduardo
1320 2305 1407 2365 aare
1425 2317 1559 2385 procem

998 2405 1141 2467 maroe.

370 2607 477 2659 Oanos
584 2588 666 2655 Cum
687 2588 792 2675 igitur
820 2589 982 2676 gloriosus
1004 2611 1063 2655 rex
1098 2586 1296 2654 Ethelredus
1328 2609 1371 2653 ex
1405 2588 1476 2653 filia
1504 2606 1571 2673 prae·

368 2675 513 2791 fflffiw
537 2692 708 2757 clarissimi
729 2692 858 2757 comitis
876 2691 1012 2758 Thoreti
1031 2691 1138 2756 filium
1154 2690 1346 2777 suscepisset
1363 2688 1571 2763 Edmundum,

368 2810 503 2859 swombe-
537 2798 754 2881 cognomento
777 2794 935 2859 Ferreum
952 2794 1065 2871 Latus,
1081 2793 1122 2859 de
1146 2815 1211 2880 quo
1234 2794 1382 2879 superius
1408 2792 1572 2865 retulimus¹

368 2875 473 2993 {ffb
537 2919 579 2962 ex
601 2897 716 2984 regina
738 2903 850 2963 autem
874 2896 994 2962 Emma
1015 2896 1191 2962 Alfredum
1216 2897 1286 2962 sive
1312 2895 1508 2976 Aluredum,
1528 2894 1572 2959 be-

535 3006 611 3066 atus
634 3000 819 3066 Edwardus
848 3000 942 3068 intra
967 2999 1093 3066 viscera
1122 3004 1272 3066 materno
1303 2999 1479 3066 conclusus
1506 3020 1574 3086 prae

535 3103 641 3169 fertur
660 3105 799 3190 utrique,
822 3108 941 3190 egente
964 3122 1002 3167 eo
1018 3103 1076 3189 qui
1092 3103 1204 3168 omnia
1227 3107 1382 3189 operatur
1407 3101 1571 3169 secundum

535 3206 708 3272 consilium
745 3202 933 3272 voluntatis
970 3227 1046 3282 suae,
1087 3204 1146 3291 qui
1184 3205 1374 3270 dominatur
1413 3205 1453 3270 in
1486 3223 1572 3290 regno

534 3307 715 3385 hominum,
737 3312 772 3373 et
794 3307 976 3394 cuicunque
998 3306 1143 3374 voluerit
1166 3306 1225 3373 dat
1247 3306 1342 3372 illud.
1388 3307 1451 3374 Fit
1480 3325 1573 3372 coram

534 3433 610 3498 rege
636 3411 860 3498 episcoporum
883 3431 1119 3497 procerumque
1141 3413 1324 3476 conventus
1346 3403 1498 3496 magnus,
1518 3407 1575 3496 ple

533 3513 585 3578 bis
607 3513 764 3600 vulgique
787 3533 971 3590 concursus,
997 3517 1031 3580 et
1058 3511 1137 3598 quic
1163 3511 1230 3578 iam
1256 3510 1379 3578 futurae
1410 3511 1514 3578 cladis
1534 3509 1574 3576 in·

534 3615 619 3681 dicia
650 3636 739 3680 saeva
775 3620 1015 3703 praecesserant‚
1053 3614 1165 3702 agitur
1201 3614 1290 3680 inter
1321 3635 1377 3680 eos
1413 3615 1457 3682 de
1493 3613 1575 3701 regni

533 3723 625 3784 statu
653 3721 825 3786 tractatus.
869 3717 1001 3784 Deinde
1031 3738 1090 3782 rex
1120 3737 1336 3782 successorem
1374 3715 1443 3783 sibi
1481 3717 1576 3802 desig-

533 3843 613 3886 nare
642 3820 840 3900 desiderans,
865 3820 947 3907 quid
977 3818 1117 3907 singulis
1148 3818 1270 3906 quidve
1305 3819 1464 3887 omnibus
1494 3819 1575 3886 vide

533 3930 625 3990 retur
653 3923 828 4010 explorat3
857 3943 921 4010 pro
952 3923 1222 4009 diversorumque
1253 3921 1385 3992 diversa
1415 3921 1576 3990 sententia

532 4050 584 4094 res
606 4026 772 4115 pendebat
794 4026 831 4091 in
853 4024 965 4095 dubio.
1021 4023 1091 4091 nui
1122 4024 1336 4091 Edmundum
1367 4023 1411 4092 ob
1437 4025 1576 4092 invictis

532 4132 651 4196 simum
673 4130 776 4195 robur
804 4127 946 4216 corporis
975 4127 1092 4194 ceteris
1123 4126 1292 4194 aestimant
1320 4127 1575 4213 praeferendum:

532 4233 589 4297 alii
619 4232 662 4298 ob
700 4231 860 4299 virtutem
891 4228 1109 4296 Normannici
1138 4227 1268 4316 generis
1302 4228 1477 4320 Alfiedum
1513 4229 1576 4296 sire

532 4335 717 4402 Aluredum
753 4332 1013 4420 promovendum
1046 4331 1153 4397 tutius
1190 4331 1452 4397 arbitrabantur.
1516 4330 1576 4396 Sed

412 4497 420 4513 ‚
532 4435 719 4502 futurorum
734 4434 882 4502 omnium
905 4433 1057 4521 praescius
1072 4433 1191 4520 prioris
1213 4433 1441 4498 brevissimam
1470 4433 1576 4512 vitum,

531 4538 667 4605 alterius
703 4541 845 4604 mortem
881 4535 1084 4602 inmaturam
1120 4535 1327 4624 prospiciens,
1360 4536 1398 4601 in
1442 4557 1576 4622 puerum

531 4641 673 4714 necdum
706 4644 824 4706 natum
854 4639 1082 4705 universorum
1120 4641 1200 4702 vota
1237 4639 1409 4704 convertit
1472 4635 1576 4704 Utero

531 4742 637 4808 adhuc
667 4741 833 4825 clauditur
856 4746 891 4807 et
916 4741 952 4805 in
979 4761 1090 4828 regem
1114 4739 1299 4806 Edwardus
1326 4739 1485 4826 eligitur;
1512 4761 1575 4805 non
