3567 5800
877 871 976 919 nn
1019 869 1253 919 cmrls
1297 871 1542 920 smum
1585 868 1785 920 ΑΜΒ.
1805 871 1976 922 -ιν,
2014 860 2113 920 18.
2401 860 2529 926 247

444 1055 897 1142 cuiuscunque
942 1058 1336 1122 condicionis
1380 1058 1484 1135 sit,
1555 1059 1771 1144 ipsum
1818 1061 2117 1123 sanctum
2175 1060 2389 1124 locum
2432 1060 2538 1125 vel

441 1157 851 1244 procinctum
883 1160 1022 1225 eius
1051 1159 1310 1246 fugiens
1361 1160 1731 1239 intraverit,
1779 1161 2092 1225 immunis
2137 1161 2225 1226 sit
2270 1162 2537 1228 omnino

441 1267 513 1326 et
542 1263 804 1348 plenam
856 1262 1232 1327 libertatem
1280 1268 1725 1348 consequatur.
1818 1263 2076 1329 Placuit
2123 1265 2325 1329 etiam
2370 1266 2534 1330 mihi

440 1364 616 1429 hanc
647 1364 932 1451 optionis
977 1365 1359 1430 electionem
1402 1370 1471 1431 et
1513 1365 1843 1431 libertatis
1872 1365 2116 1431 donum
2161 1369 2533 1453 gratissimo

441 1466 668 1531 animo
729 1471 797 1531 et
855 1469 1124 1555 integra
1172 1468 1516 1533 voluntate
1564 1490 1825 1555 augere,
1884 1475 1952 1533 et
2014 1469 2360 1556 privilegio
2404 1471 2532 1535 isto

436 1570 762 1647 roborare,
812 1575 880 1635 et
923 1571 1187 1658 insuper
1232 1571 1404 1635 dono
1448 1593 1591 1636 meo
1632 1570 2107 1637 inviolabiliter
2151 1574 2532 1638 confirmare

439 1695 668 1738 omnes
714 1673 1098 1739 donationes
1126 1679 1452 1739 terrarum
1481 1675 1589 1738 vel
1635 1674 2047 1739 ecclesiarum
2092 1679 2211 1740 aut
2255 1676 2524 1743 aliarum

438 1798 663 1841 rerum
717 1799 863 1862 quae
919 1777 1016 1842 ibi
1065 1777 1150 1841 ab
1203 1777 1718 1843 antecessoribus
1769 1778 1933 1843 meis
1992 1779 2257 1865 regibus
2317 1801 2431 1844 seu
2490 1803 2531 1844 a

439 1880 938 1966 quibuscunque
1000 1884 1157 1945 ante
1216 1901 1321 1944 me
1383 1880 1644 1946 donatae
1702 1885 1878 1961 sunt,
1934 1902 2189 1946 necnon
2257 1886 2323 1946 et
2385 1882 2530 1947 illas

436 2004 602 2067 quas
662 1982 771 2047 vel
818 2004 937 2066 ego
981 1983 1090 2060 vel
1136 1983 1487 2068 optimates
1530 1983 1661 2047 mei
1719 1984 1827 2048 vel
1870 1984 2072 2050 etiam
2124 1984 2403 2069 quilibet
2449 1986 2530 2050 de

436 2085 695 2149 civibus
745 2085 928 2150 intra
969 2086 1377 2151 Londoniam
1424 2083 1851 2163 donaverant,
1884 2092 2027 2151 tam
2071 2091 2279 2151 terras
2333 2109 2529 2172 quam

439 2188 958 2264 consuetudines,
1007 2192 1076 2253 et
1123 2186 1344 2253 omnia
1388 2188 1534 2252 iura
1579 2188 2128 2277 qualiumcunque
2188 2210 2523 2255 causarum

438 2292 514 2354 in
561 2288 866 2355 omnibus
932 2290 1128 2355 terris
1181 2312 1329 2377 quae
1390 2290 1501 2356 vel
1558 2291 1632 2355 in
1686 2291 2027 2356 Londonia
2085 2292 2195 2356 vel
2252 2293 2323 2356 in
2383 2293 2530 2357 aliis

439 2392 938 2479 quibuscunque
998 2392 1155 2458 locis
1225 2393 1537 2479 praedicto
1611 2394 2004 2459 monasterio
2063 2394 2365 2459 adiacent
2422 2395 2530 2459 vel

439 2496 802 2561 adiciendae
832 2500 989 2561 sunt
1017 2517 1136 2582 per
1163 2496 1446 2581 gratiam
1479 2495 1620 2562 Dei.
1712 2494 1892 2561 Huic
1921 2496 2219 2561 libertati
2250 2497 2529 2562 concedo

438 2620 666 2663 omnes
723 2598 898 2685 leges
964 2602 1034 2663 et
1094 2598 1594 2663 consuetudines
1654 2620 1804 2683 quae
1868 2599 1954 2663 ad
2011 2620 2119 2665 me
2170 2598 2525 2686 pertinent.

441 2702 786 2766 Renovavi
851 2701 1052 2766 etiam
1111 2700 1460 2787 privilegia
1503 2702 1926 2788 antiquorum
1984 2724 2232 2789 regum,
2309 2706 2379 2767 et
2445 2724 2529 2767 ex

438 2805 732 2870 Nomine
777 2803 1040 2869 Sanctae
1070 2802 1418 2868 Trinitatis
1463 2808 1531 2869 et
1576 2806 1871 2870 omnium
1902 2810 2276 2870 sanctorum
2304 2808 2531 2870 nostra

438 2910 646 2974 etiam
705 2908 886 2995 regia
929 2907 1343 2987 auctoritate,
1408 2929 1557 2972 cum
1621 2930 1937 2974 consensu
1980 2913 2182 2995 atque
2225 2910 2529 2974 consultu

439 3013 800 3099 primatum
859 3031 1152 3076 meorum
1204 3010 1536 3086 interdixi,
1593 3017 1665 3076 et
1735 3016 1983 3076 cartam
2045 3012 2119 3076 in
2176 3013 2528 3098 praesentia

440 3136 587 3180 mea
631 3113 774 3179 fieri
824 3113 1003 3191 iussi,
1054 3118 1133 3177 ut
1180 3113 1400 3177 nullus
1443 3134 1732 3199 unquam
1762 3113 2248 3178 succedentium
2300 3137 2527 3202 regum
2553 3133 2788 3184 Emi...-

439 3217 888 3302 episcoporum
935 3214 1304 3302 principum
1350 3217 1664 3280 comitum
1723 3216 2180 3283 vicecomitum
2224 3237 2527 3303 procura-
2550 3199 2784 3331 ffigssfl

440 3324 663 3383 torum
712 3341 826 3383 seu
878 3318 1157 3382 aliorum
1202 3339 1431 3406 regum
1492 3318 1832 3383 clientium
1881 3318 1990 3383 vel
2031 3318 2165 3384 alia
2215 3319 2529 3406 quaelibet

441 3445 683 3509 magna
725 3421 835 3488 vel
877 3443 1082 3506 parva
1125 3442 1404 3508 persona
1460 3424 1723 3508 pastum
1783 3441 2049 3486 censum
2111 3421 2218 3488 vel
2276 3423 2529 3511 impen-

442 3528 714 3602 sionem,
763 3528 1120 3590 castrorum
1173 3525 1281 3589 vel
1341 3525 1644 3611 pontium
1695 3523 2289 3602 reaedificationem,
2333 3529 2533 3593 xenia

445 3652 560 3695 seu
608 3627 995 3694 munuscula
1038 3626 1148 3692 vel
1213 3627 1396 3692 aliud
1438 3625 1764 3713 quidlibet
1814 3627 1900 3692 ab
1945 3627 2209 3694 ecclesia
2250 3628 2368 3696 illa
2424 3631 2531 3697 vel

444 3756 485 3798 a
514 3731 709 3797 terris
740 3731 826 3796 ad
882 3751 1026 3794 eam
1065 3730 1553 3816 pertinentibus
1605 3752 1722 3818 per
1772 3730 1916 3796 vim
1966 3734 2086 3796 aut
2129 3754 2243 3818 per
2272 3754 2534 3800 consue-

451 3835 755 3902 tudinem
819 3832 1083 3919 exigat3
1149 3854 1284 3897 non
1334 3855 1544 3919 opera,
1594 3855 1730 3898 non
1773 3832 2051 3913 tributa,
2097 3835 2204 3899 vel
2269 3838 2533 3923 expedi-

444 3939 659 4004 tiones
704 3937 790 4001 ad
851 3958 920 4001 se
963 3935 1210 4002 trahat.
1331 3936 1462 4001 Sed
1536 3937 1803 4002 exclusa
1872 3937 2139 4023 penitus
2197 3940 2534 4005 exactione

443 4042 554 4107 vel
627 4041 903 4127 angaria
978 4043 1359 4104 cunctarum
1448 4039 2013 4119 consuetudinum,
2077 4040 2296 4106 omnia
2370 4041 2539 4107 sicut

445 4145 520 4208 in
565 4164 766 4208 manu
811 4163 959 4206 mea
1002 4140 1359 4205 habueram
1410 4141 1644 4206 melius
1687 4140 1946 4226 plenius
1991 4147 2061 4207 et
2103 4142 2389 4219 liberius,
2434 4145 2534 4210 ita

442 4267 593 4314 cum
641 4246 1018 4312 omnimoda
1060 4245 1366 4312 libertate
1420 4247 1557 4311 sint
1622 4268 1922 4313 concessa
1964 4247 2179 4313 eidem
2232 4250 2529 4331 ecclesiae,

442 4352 515 4416 in
566 4356 746 4417 terra
812 4354 882 4415 et
949 4350 1019 4413 in
1064 4371 1252 4434 aqua,
1320 4350 1394 4414 in
1452 4349 1616 4415 urbe
1675 4354 1744 4415 et
1811 4355 2015 4428 extra,
2087 4351 2159 4416 in
2226 4353 2388 4419 villa
2462 4361 2530 4421 et

446 4460 654 4536 extra,
709 4455 782 4518 in
813 4453 1007 4519 domo
1041 4457 1109 4517 et
1159 4457 1366 4533 extra,
1416 4453 1488 4517 in
1545 4453 1658 4517 via
1703 4456 1772 4517 et
1802 4459 2008 4532 extra,
2056 4455 2127 4520 in
2158 4456 2411 4542 placito,
2460 4461 2531 4524 in

448 4556 615 4622 soka
660 4561 727 4621 et
790 4557 967 4634 saka,
1046 4557 1119 4619 in
1177 4553 1469 4634 telonio,¹
1534 4557 1606 4619 in
1679 4555 1844 4621 furis
1910 4559 2418 4644 apprehensione
2463 4567 2533 4627 et

1175 4789 1187 4818 ¹
1223 4787 1417 4854 telonio]
1452 4789 1700 4850 theloneo,
1721 4791 1832 4841 MS.
