3567 5800
432 861 471 926 lii
882 865 1045 916 reunion.

266 1058 386 1124 Analyds
434 1051 620 1113 Londinium,
643 1047 713 1104 dein
731 1046 879 1116 Augusta,
905 1045 936 1098 et
982 1041 1046 1096 eius
1070 1039 1172 1111 gloria
1196 1037 1300 1102 defuit,
1326 1037 1404 1109 quod
1432 1053 1487 1091 nee

264 1125 344 1176 ⁰fth0
434 1148 513 1186 nuno
537 1128 676 1184 Londona
704 1143 833 1180 rursum.
860 1122 934 1177 urbe
981 1123 1134 1195 Municipii
1154 1139 1209 1178 nec
1225 1121 1353 1178 Colonia·
1370 1120 1487 1175 nomine

265 1191 385 1242 ΗΘΜ·
435 1213 529 1269 Roma
552 1210 712 1268 secundum
730 1208 934 1265 chronicorum
981 1208 1179 1278 insigniretur.
1217 1205 1262 1261 On
1274 1206 1324 1260 the
1343 1203 1488 1275 antiquity

433 1296 531 1360 fidem,
569 1293 637 1350 sane
678 1291 826 1362 antiquior
878 1294 933 1353 est,
982 1293 1016 1348 of
1030 1291 1159 1356 london,
1180 1307 1229 1346 see
1248 1289 1384 1344 Bertram
1404 1289 1434 1342 ii.
1459 1289 1485 1350 l,

434 1379 630 1450 superripam
638 1375 791 1432 'thamesis
804 1372 934 1428 fluminis
983 1377 1038 1446 §6.
1075 1375 1132 1429 For
1163 1373 1213 1428 tho
1237 1390 1322 1427 name
1352 1371 1488 1442 Augusta

433 1463 537 1534 p0⁵it02
558 1466 588 1516 61
605 1462 671 1532 ipsa
689 1459 850 1514 multorum
874 1473 934 1508 em·
983 1477 1032 1514 soe
1053 1458 1116 1513 Iter
1140 1457 1171 1520 i.,
1194 1456 1251 1512 and
1272 1454 1413 1518 Gemden,
1439 1453 1485 1508 ed.

434 1545 550 1616 perium
603 1543 787 1616 populorum,
854 1544 935 1594 terra
983 1543 1093 1597 Gibson
1137 1538 1238 1611 (1772),
1284 1538 1304 1593 i.
1355 1539 1407 1594 332
1455 1537 1485 1591 b.

433 1630 568 1700 marique
596 1626 786 1683 venientium.
817 1623 880 1677 hoec
917 1620 934 1675 ὲ
983 1625 1143 1682 ‘Whether
1166 1623 1225 1680 this
1249 1624 1331 1694 place
1354 1621 1413 1677 had
1437 1622 1487 1676 tho

435 1711 572 1783 piissima
631 1711 683 1765 illa
742 1706 935 1779 Imperatrice
982 1726 1067 1766 name
1096 1709 1234 1779 Augusta
1265 1705 1341 1761 from
1370 1705 1488 1760 Helena

434 1796 550 1851 Helena
589 1795 654 1850 S.S·
691 1793 795 1848 Crucis
834 1791 934 1846 inven-
983 1794 1128 1864 Augusta,
1152 1792 1266 1846 mother
1290 1789 1323 1844 of
1346 1789 1487 1844 Constan-

432 1880 517 1943 triee,
531 1878 760 1941 circumvallata,
785 1881 883 1946 atque,
910 1873 936 1929 si
983 1877 1105 1933 tinethe
1119 1875 1209 1930 Great
1211 1912 1403 1938 .....
1440 1890 1486 1926 we

433 1963 506 2017 fides
520 1963 559 2018 sit
570 1979 660 2032 penes
672 1960 855 2024 traditiones,
870 1975 936 2029 quae
984 1962 1058 2016 have
1071 1979 1108 2015 no
1121 1965 1244 2015 account
1262 1957 1292 2011 in
1303 1954 1436 2025 history!

432 2062 491 2099 non
529 2061 645 2114 semper
687 2060 817 2097 erroneae
859 2045 936 2103 eunt,
1019 2043 1212 2100 Observethe
1231 2041 1485 2111 modern-looking

431 2127 580 2182 nominata
616 2131 662 2180 est
690 2125 836 2195 Augusta,
874 2129 937 2179 tota
986 2127 1050 2183 S.S.

404 2214 531 2264 *autem
603 2208 749 2262 Brittania
809 2207 935 2262 11018181
1020 2209 1131 2274 Gildae,
1169 2229 1194 2264 c.
1221 2209 1255 2264 5:
1293 2208 1335 2262 ita
1371 2213 1485 2262 utnon

433 2307 544 2346 lusum.
984 2294 1144 2359 Britannia,
1168 2293 1220 2349 sed
1234 2293 1367 2348 Romana
1390 2290 1487 2346 insula

983 2383 1161 2434 censeretur.
1188 2376 1233 2431 On
1244 2375 1339 2432 which
1352 2374 1487 2430 Bertram
1528 2446 1534 2454 ⁸

982 2467 1066 2518 notes
1079 2460 1159 2531 (181)
1174 2459 1374 2515 “Rectissime
1386 2458 1442 2512 hoc
1454 2475 1486 2512 se

986 2547 1005 2572 ‘⁴
1034 2545 1131 2608 habet,
1158 2549 1188 2598 et
1211 2543 1369 2598 chsnnuu
1397 2558 1488 2610 supra

985 2631 1004 2655 “
1031 2628 1071 2696 [t.
1087 2626 1121 2694 l.]
1134 2627 1266 2681 illustrat
1283 2631 1317 2680 ut
1337 2631 1367 2680 et
1385 2625 1488 2681 10818-

986 2714 1004 2739 “
1030 2726 1089 2765 cun
1110 2711 1140 2764 in
1152 2709 1332 2772 Florianum,
1353 2726 1381 2779 p.
1404 2707 1484 2762 915”

986 2795 1023 2863 [c.
1033 2794 1060 2859 2,
1071 2795 1121 2864 qui
1134 2793 1171 2848 ad
1183 2793 1346 2848 Romanam
1358 2791 1485 2846 insulam

981 2877 1185 2949 proconsulem
1196 2874 1318 2943 mittet].

466 3092 492 3147 1.
512 3094 539 3158 6,
561 3095 575 3161 §
595 3093 638 3147 30.
678 3092 777 3147 Limes
797 3090 867 3147 huic
884 3108 935 3161 po·
1017 3094 1053 3147 In
1077 3095 1127 3150 the
1151 3094 1237 3148 index
1263 3092 1389 3147 Sturius.
1430 3092 1485 3146 See

430 3176 501 3246 pulo
520 3176 558 3230 ad
571 3176 808 3247 Septentrionem
825 3175 935 3230 flumen
982 3178 1044 3232 Iter
1065 3178 1107 3232 iii.
1129 3176 1198 3232 with
1219 3194 1248 3231 n.
1286 3175 1381 3230 There
1401 3175 1426 3229 18
1447 3193 1485 3229 no

432 3259 537 3315 Sarius
557 3256 635 3330 [eie],
649 3259 729 3314 ultra
747 3276 835 3329 quem
852 3258 935 3314 habi·
982 3261 1097 3317 ancient
1108 3260 1258 3329 authority
1269 3260 1314 3313 for
1326 3261 1378 3315 the
1391 3276 1484 3313 name.

430 3343 531 3398 tabant
539 3344 631 3407 Iceni,
641 3344 833 3399 celeberrima
844 3344 933 3408 natio,
982 3344 1122 3409 camden,
1143 3344 1203 3399 329.
1250 3342 1400 3413 Repionem
1422 3342 1484 3396 Tri·

430 3425 461 3479 in
480 3426 553 3480 duas
566 3433 670 3496 gentes
689 3425 794 3489 divisa,
809 3442 934 3495 quarum
981 3428 1147 3483 rubentibus
1156 3427 1344 3498 prociarum.
1384 3465 1391 3479 .
1429 3464 1436 3479 .
1474 3465 1481 3478 .

430 3507 520 3575 prior,
543 3507 722 3561 Oenomanni
741 3507 876 3562 habitans
898 3508 934 3562 ad
981 3509 1324 3581 oecupdruntolimIceru
1361 3548 1368 3561 .
1409 3550 1414 3561 .
1456 3530 1480 3561 .:

430 3588 661 3658 septentrionem
681 3588 873 3643 Trinobantes
905 3595 935 3644 81
981 3611 1050 3664 quoe
1086 3592 1170 3647 nciam
1203 3592 1320 3662 confuso
1350 3591 1483 3647 cocubalo

430 3670 559 3754 Cassios,
573 3672 611 3725 ad
629 3671 773 3726 orientem
785 3671 934 3727 Oceanum
982 3675 1169 3731 Onnrnseuos
1217 3674 1297 3747 opud
1346 3675 1484 3731 Ooerarcm

429 3752 590 3823 spectabat.
600 3754 708 3807 horum
719 3754 809 3809 urbes
819 3754 934 3810 Durno-
983 3760 1030 3828 [B.
1047 3758 1083 3813 G.
1098 3777 1125 3814 v.
1141 3759 1186 3823 21,
1201 3761 1216 3828 §
1231 3758 1259 3826 1]
1275 3758 1373 3828 fuisse
1395 3758 1482 3814 dictor

428 3854 534 3907 magus
547 3842 578 3891 et
589 3841 677 3908 caput
685 3837 815 3907 regionis
824 3836 930 3894 Venta.
980 3842 1150 3913 iampridem
1163 3841 1324 3897 8818118888·
1330 3864 1341 3908 ,·
1359 3846 1385 3897 81
1397 3846 1429 3897 at
1441 3843 1484 3896 itu

428 3920 627 3976 Romanorum
645 3920 758 3976 colonia
773 3920 933 3978 88810881-
980 3926 1179 3991 carintanorum,
1199 3926 1276 3996 fucit
1296 3926 1363 3997 ipen
1383 3925 1483 3981 oretri-

426 4004 569 4059 boricum.
604 4006 637 4059 in
671 4022 753 4059 mare
789 4006 933 4063 orientem
980 4009 1055 4064 eima
1084 4010 1217 4081 affinitur,
1244 4028 1305 4079 quoe
1329 4009 1403 4064 iuter
1426 4009 1483 4064 trec

428 4106 533 4145 versus
587 4106 764 4162 procurrens
818 4090 933 4163 lingula
979 4094 1095 4149 nomino
1129 4092 1213 4148 Icsur
1250 4096 1275 4146 et
1306 4090 1486 4163 Ueni-empus?

427 4172 537 4228 dicitur
554 4174 659 4231 Flavia
677 4180 816 4230 extreme.
837 4175 932 4229 flumi-
979 4176 1133 4232 intercedit.
1179 4176 1249 4231 This
1274 4192 1362 4246 guees
1387 4176 1413 4231 is
1438 4193 1484 4230 88-

428 4274 499 4310 num
528 4260 683 4314 notissima
712 4264 781 4314 sunt
811 4256 929 4324 Garion,
979 4261 1083 4331 cepted
1095 4260 1288 4330 byBertram.
1313 4256 1358 4313 On
1369 4258 1483 4313 Durno-

428 4337 535 4393 Surius
566 4344 596 4393 81
622 4340 739 4396 Ausona
772 4343 804 4396 in
834 4343 932 4397 sinum
978 4342 1480 4413 magnaventaendcamboricum,

427 4418 558 4473 Metorin
590 4439 656 4476 8888
693 4440 862 4480 exonerans.
896 4442 931 4479 ex
979 4442 1027 4480 see
1039 4425 1102 4479 Iter
1115 4426 1156 4479 iii.
1208 4426 1255 4481 No
1277 4426 1416 4483 evidence
1437 4428 1482 4481 for

427 4501 521 4557 altera
549 4507 633 4571 parte
657 4504 695 4557 ad
717 4505 864 4562 Ausonum
887 4508 931 4562 in·
978 4508 1081 4563 Flavia
1116 4514 1255 4574 extrema,
1288 4527 1321 4565 or
1351 4512 1397 4566 for
1432 4510 1482 4565 the

426 4584 729 4649 colebant,Oarnabiis
737 4588 930 4661 Brigantibus
978 4592 1480 4665 Ausona(Auon).TheGe1-yannus

427 4671 458 4721 et
476 4666 591 4722 Oceano
612 4668 710 4731 vicini,
730 4670 876 4737 Goitenni,
900 4675 930 4729 in
952 4683 955 4747 1
977 4672 1075 4741 (Yare)
1089 4677 1145 4731 aud
1158 4676 1280 4732 Metaris
1299 4684 1419 4749 estuery
1431 4696 1481 4732 ere

426 4754 522 4808 tractu
553 4752 646 4822 sylvis
676 4752 780 4817 obsito,
809 4757 870 4826 qui,
897 4765 930 4815 ut
951 4768 954 4827 1
977 4758 1007 4813 in
1037 4758 1112 4813 Ptol.
1145 4758 1203 4815 xiii.
1256 4761 1320 4817 The
1351 4759 1481 4818 Ouritevi
