3567 5800
456 864 504 913 nn
526 864 642 916 smus
663 864 784 914 escun
806 865 998 919 susa-rv,
1021 854 1073 916 51.
1232 856 1295 918 331

250 1046 471 1114 confluerent¹
531 1047 599 1112 Vix
636 1049 741 1134 patuli
780 1048 886 1136 campi
924 1050 1097 1136 capiebant
1132 1051 1299 1117 viatorum

251 1151 392 1237 agmina,
425 1150 504 1214 dum
537 1150 640 1236 aequis
675 1149 874 1218 umbonibus
907 1151 999 1219 dives
1031 1157 1064 1217 et
1096 1153 1242 1219 modicus
1268 1175 1302 1220 se

250 1257 394 1340 agerent,
418 1257 551 1318 cunctos
583 1252 620 1318 in
652 1275 825 1324 commune
857 1254 1084 1342 praecipitante
1113 1256 1186 1325 fide.
1231 1255 1321 1322 Nec

249 1377 375 1422 cassum
397 1359 556 1420 eventum
586 1377 638 1422 res
668 1355 786 1422 babuit
798 1380 807 1436 ;
838 1357 918 1425 adeo
941 1363 981 1428 ut
1002 1359 1116 1425 nullus
1137 1358 1215 1424 inde
1235 1360 1300 1426 nisi

249 1457 396 1524 extincta
428 1457 480 1522 vel
514 1457 669 1546 mitigata
694 1459 882 1526 valitudine
907 1460 1093 1540 discederet,
1122 1463 1298 1528 nonnullos

247 1561 355 1648 regius
400 1562 534 1628 morbus
574 1561 708 1628 medicis
745 1583 823 1628 sanc
856 1562 1046 1630 incurabilis
1082 1586 1142 1653 per
1178 1567 1297 1634 merita

248 1664 384 1752 virginis
407 1664 615 1751 relinqueret.

426 1975 676 2042 Oonmrtusmo,
731 1975 781 2041 De
803 1981 924 2041 acceto
945 1975 1116 2062 scherpa.
1310 2004 1379 2054 wm,

1309 2071 1395 2120 Mslm.
1408 2069 1433 2120 ii.

292 2167 497 2232 EDWARDUS
520 2168 628 2232 senior
651 2166 692 2231 de
715 2188 779 2252 quo
802 2166 952 2253 superius
977 2166 1083 2240 multa
1107 2167 1206 2232 retuli
1229 2138 1388 2232 sus-521⁷

247 2271 334 2356 cepit
365 2293 407 2335 ex
445 2292 548 2342 uxore
580 2270 713 2356 Elfgiva
746 2270 832 2334 filias
869 2270 1000 2347 multas,
1030 2268 1118 2336 inter
1151 2292 1231 2355 quas
1263 2274 1297 2333 et

249 2373 446 2460 Edburgam.
487 2374 570 2452 Quae
585 2373 645 2437 vix
661 2372 740 2437 dum
755 2373 855 2437 trima
876 2378 969 2450 esset,
986 2372 1162 2458 spectabile
1177 2373 1297 2438 futurae
1309 2393 1436 2458 Edbmgc.

246 2476 432 2542 sanctitatis
465 2475 558 2542 dedit
589 2475 778 2562 periculum
825 2475 1008 2562 Explorare
1030 2475 1165 2540 volebat
1194 2481 1297 2563 pater,

247 2583 361 2642 utrum
398 2578 442 2644 ad
476 2578 583 2643 Deum
622 2601 666 2642 an
700 2579 743 2643 ad
777 2578 934 2644 saeculum
972 2578 1177 2644 declinatura
1212 2584 1298 2644 esset

246 2680 383 2768 pusiola,
408 2684 641 2768 'posueratque
677 2680 713 2745 in
750 2680 896 2746 triclinio
934 2681 1139 2747 diversarum
1176 2682 1298 2768 profes·

246 2785 377 2848 sionum
416 2790 618 2861 ornamenta,
653 2784 731 2848 hinc
768 2784 901 2848 calicem
935 2791 970 2849 et
1006 2784 1186 2871 evangelia,
1219 2785 1298 2849 inde

246 2886 391 2951 armillas
425 2891 461 2953 et
494 2887 637 2953 monilia.
686 2886 770 2952 Illuc
801 2887 998 2973 virguncula
1031 2888 1120 2953 ulnis
1146 2887 1296 2954 nutricias

246 2989 447 3055 blandientis
479 2991 590 3069 allata,
618 2990 758 3077 genibus
789 2990 936 3076 parentis
967 2990 1111 3067 assedit;
1146 2990 1297 3076 iussaque

247 3100 359 3156 utrum
381 3092 481 3157 vellet
504 3092 632 3179 eligere,
657 3097 754 3157 torvo
776 3097 911 3179 aspectu
933 3092 1105 3157 saecularis
1127 3093 1297 3177 despuens,

246 3200 462 3281 prompteque
507 3194 659 3261 manibus
698 3199 840 3281 reptans,
880 3194 1054 3281 evangelia
1093 3198 1128 3259 at
1165 3194 1296 3259 calicem

247 3298 385 3384 puellari
408 3299 561 3363 adoravit
583 3298 781 3363 innocentia
829 3296 1005 3362 Exclamat
1026 3302 1133 3361 coetus
1154 3297 1297 3381 assiden-

155 3422 160 3429 ·
248 3402 342 3480 tium,
371 3401 553 3487 auspicium
578 3401 702 3465 futura
734 3400 923 3465 sanctitatis
945 3400 982 3463 in
1004 3399 1112 3485 puella
1133 3400 1298 3465 exoscula-

247 3508 301 3569 tus
325 3507 381 3567 est.
428 3503 529 3569 Pater
551 3504 620 3588 ipse
643 3502 820 3568 artioribus
843 3502 944 3567 basiis
967 3502 1123 3588 dignatus
1145 3501 1298 3581 sobolem,

248 3612 266 3641 “
282 3604 404 3681 Vade,''
442 3606 559 3691 inquit,
597 3614 615 3640 “
630 3628 695 3691 quo
728 3610 763 3671 te
798 3609 898 3671 vocat
930 3604 1128 3683 Divinitas3
1164 3626 1298 3690 sequere

246 3708 355 3773 fausto
386 3708 599 3794 pede,que1n
631 3708 758 3793 elegisti
791 3708 964 3793 Sponsum.
1010 3706 1069 3772 Et·
1085 3707 1233 3793 profecto
1264 3714 1299 3773 et

247 3832 307 3897 ego
334 3817 367 3875 et
400 3812 524 3877 coniux
545 3811 654 3876 felices
687 3811 815 3891 erimus,
840 3811 868 3875 si
893 3810 1008 3875 afilia
1038 3811 1195 3897 religione
1217 3812 1299 3877 victi

247 3914 432 3979 fixerimus.'’
489 3913 546 3979 Ita
571 3912 854 3979 sanctimonialem
876 3912 1029 3978 habitum
1052 3913 1180 3994 induta,
1204 3936 1299 3980 cunc·

248 4021 299 4081 tas
322 4016 449 4082 sodales
472 4016 515 4081 ad
537 4036 682 4081 amorem
709 4015 760 4081 sui
789 4016 826 4080 in
848 4016 930 4080 urbs
952 4016 1146 4100 Wyntonise
1178 4017 1299 4081 seduli·

248 4123 318 4185 tate
349 4118 498 4204 obsequii
531 4118 705 4183 invitabat
766 4115 837 4183 Nec
874 4117 1087 4205 resupinabat
1120 4139 1193 4183 eam
1227 4119 1298 4183 alta

248 4222 407 4309 prosapiae
453 4220 657 4307 magnitudo,
704 4221 792 4307 quod
840 4242 1034 4307 generosum
1079 4225 1213 4307 putaret
1262 4222 1298 4287 in

250 4324 373 4389 Christi
399 4324 557 4389 inclinare
587 4322 730 4389 servitio.
780 4322 962 4389 Crescebat
978 4344 1053 4388 cum
1083 4328 1184 4389 aetate
1206 4346 1297 4390 sanc·

247 4428 333 4505 titas,
360 4425 566 4492 adolescebat
587 4447 661 4491 cum
684 4426 800 4491 adulta
820 4425 992 4491 humilitas
1022 4426 1059 4491 in
1078 4425 1236 4504 tantum,⁹
1257 4432 1298 4493 ut

281 4695 333 4743 ¹co
349 4710 407 4758 pop.
430 4710 453 4743 u.
469 4709 491 4742 c.
516 4692 580 4757 Via]
616 4706 701 4741 eorum
723 4708 747 4757 p.
831 4693 994 4758 ²iatautum]
1014 4693 1084 4745 wilt
1094 4694 1297 4758 Mdminten'm,

248 4773 471 4835 undec.,vixetc.
488 4772 658 4825 Will.Mslm.
799 4770 854 4825 MS.
