3567 5800
482 887 530 936 nn
555 884 1030 935 cssr·1s1mcuusuac.—1v.
1055 873 1104 934 at.
1187 941 1191 952 ‚
1259 873 1324 936 309

269 1079 416 1141 cerneret
449 1075 538 1139 iusto
573 1073 636 1139 Dei
666 1073 787 1138 iudicio
825 1073 1011 1160 contigisse,
1042 1073 1135 1139 dolor
1167 1073 1321 1162 indigna·

271 1178 364 1258 tioni‚
387 1177 495 1243 luctus
521 1177 580 1242 irae
612 1176 771 1242 successit.
834 1174 955 1241 Flebat
977 1177 1034 1240 illa
1056 1181 1090 1242 et
1113 1178 1229 1243 domus
1251 1179 1320 1244 eius

270 1285 351 1357 tota,
385 1285 419 1345 et
450 1302 524 1366 quas
557 1279 789 1365 obiurgaverat
820 1279 1111 1366 blasphemantem,
1142 1280 1320 1346 miseratur

270 1388 321 1449 tot
341 1387 510 1448 tormenta
532 1387 567 1449 et
588 1389 659 1449 tam
682 1381 906 1446 intolerabilia
931 1381 1121 1469 patientem.
1182 1383 1248 1448 Res
1270 1385 1320 1449 in-

267 1487 378 1552 notuit
400 1484 552 1565 civitati3
583 1489 759 1550 accurrunt
785 1484 884 1549 multi
906 1490 966 1549 aut
989 1485 1156 1550 dominam
1178 1487 1319 1574 complo-

267 1587 390 1653 raturi¹
415 1592 475 1652 aut
498 1587 724 1674 pedissequam
747 1587 953 1653 admiraturi
1016 1586 1185 1668 Quaerenti
1206 1595 1319 1655 autem

267 1689 345 1776 quid
378 1689 464 1756 facto
489 1710 569 1776 opus
596 1694 689 1770 esset,
712 1694 802 1755 astat
833 1710 974 1776 persona
996 1690 1148 1776 quaedam
1175 1693 1257 1756 satis
1279 1697 1319 1758 ut

267 1793 443 1858 videbatur
473 1793 673 1874 reverenda;
707 1791 861 1857 hortatur
892 1793 1081 1879 impositam
1113 1794 1193 1858 navi
1223 1796 1318 1862 mise-

265 1917 336 1960 ram
359 1896 403 1960 ad
432 1895 536 1982 ipsius
559 1917 656 1981 quem
688 1894 974 1982 blasphemaverat
1006 1917 1122 1982 corpus
1152 1897 1318 1963 sanctissi-

265 2021 356 2064 mum
389 1999 609 2085 deportarent,
638 1997 708 2063 eius
743 1997 868 2064 meritis
901 2003 1105 2085 recepturam
1136 2000 1316 2066 remedium

266 2102 309 2166 ob
331 2101 423 2166 cuius
457 2101 613 2166 iniuriam
647 2100 777 2167 illatum
808 2101 873 2165 sibi
904 2107 1052 2167 senserat
1077 2107 1148 2167 tam
1172 2103 1316 2170 immane

266 2203 472 2291 supplicium.
534 2203 643 2283 Dixit,
667 2208 701 2268 et
733 2204 856 2268 factum
888 2209 958 2270 est:
991 2205 1042 2269 ita
1063 2205 1174 2270 delata
1199 2208 1315 2272 estad

264 2307 371 2371 sancti
404 2306 488 2392 regis
519 2305 704 2392 sepulerum
739 2305 859 2371 mulier
891 2307 1017 2386 infelix,
1040 2328 1239 2394 accensoque
1271 2310 1314 2375 ad

266 2430 451 2474 mensuram
474 2407 544 2473 eius
576 2429 668 2474 cereo
700 2408 833 2473 domina
859 2409 931 2474 eius
951 2409 1076 2496 vigiliis
1098 2416 1133 2475 et
1156 2411 1314 2476 orationi·

264 2511 328 2576 bus
350 2510 530 2577 insistebat.
585 2511 710 2576 Luctus
733 2515 768 2575 et
791 2511 935 2576 eiulatus
957 2513 1082 2577 multus
1105 2512 1190 2578 circa
1211 2513 1312 2596 illam,

264 2613 418 2701 quoniam
471 2614 665 2680 insanabilis
702 2613 879 2680 videbatur
922 2615 1014 2680 dolor
1059 2616 1137 2694 eius,
1174 2619 1315 2702 pessima

262 2719 359 2806 plaga
386 2719 482 2796 eius;
520 2738 588 2781 una
617 2723 651 2782 et
673 2716 742 2783 sola
765 2737 837 2804 spes
860 2718 1009 2783 omnium
1031 2717 1136 2804 pietas
1159 2718 1314 2785 Edwardi

261 2821 319 2909 qui
357 2820 517 2886 didicerat
550 2841 570 2884 a
608 2819 752 2885 Domino
790 2819 813 2886 J
815 2842 873 2886 esu
911 2820 1093 2887 retribuere
1130 2821 1218 2886 bona
1253 2844 1312 2910 pro

262 2924 365 3002 malis,
396 2924 603 2989 dilectionem
637 2947 697 3011 pro
731 2923 815 2990 odio.
882 2924 1113 3010 Torquebatur
1145 2946 1222 3011 ergo
1255 2927 1313 2991 illa

262 3032 334 3092 tota
355 3032 450 3092 nocte
477 3028 594 3093 ceteris
623 3026 781 3093 flentibus
808 3031 842 3092 et
865 3027 1045 3092 orantibus.
1106 3027 1255 3092 Orabant
1277 3034 1313 3095 et

261 3152 321 3215 pro
343 3152 382 3195 ea
403 3130 521 3195 fratres
544 3130 742 3208 monasterii,
763 3151 902 3214 quorum
924 3129 1119 3216 praepositus
1141 3129 1312 3195 sollemnes

261 3255 359 3320 super
381 3254 453 3297 eam
474 3232 615 3298 letanias
638 3254 712 3298 cum
734 3254 855 3319 magna
876 3232 1052 3297 devotione
1071 3231 1182 3297 edidit.
1223 3231 1310 3319 Pug-

262 3336 389 3401 nabant
415 3336 451 3400 in
473 3342 649 3422 conspectu
681 3336 819 3421 piissimi
842 3335 929 3423 regis
951 3334 1057 3402 oratio
1080 3338 1115 3398 et
1137 3335 1310 3420 aegritudo,

261 3439 420 3525 iniquitas
441 3439 574 3504 famulae
597 3438 787 3525 peccatricis
809 3444 845 3503 et
873 3438 955 3503 fides
984 3438 1127 3504 dominae
1157 3438 1311 3503 miseran·

262 3543 314 3620 tis,
349 3541 551 3628 magnitudo¹
567 3541 714 3606 criminis
744 3546 779 3606 et
815 3540 997 3606 multitudo
1028 3540 1158 3606 doloris.
1219 3542 1310 3607 Vicit

261 3644 395 3710 tandem
417 3643 440 3709 J
442 3665 532 3710 esum
559 3642 686 3709 meritis
700 3643 791 3709 beati
806 3645 891 3731 regis
913 3644 972 3710 illa
993 3666 1014 3709 a
1036 3666 1100 3730 quo
1122 3644 1212 3710 vinci
1226 3646 1310 3711 solet

261 3746 492 3826 misericordia,
523 3768 598 3832 quae
631 3767 710 3811 mox
744 3746 780 3811 in
814 3746 970 3832 languida
1002 3746 1140 3811 obvians
1171 3747 1309 3813 veritati

261 3853 459 3918 sententiam
482 3874 585 3939 quam
617 3852 675 3915 illa
697 3851 882 3915 dictaverat
909 3872 970 3915 sua
997 3852 1136 3919 lenitate
1165 3858 1309 3941 temper·
1359 3910 1366 3923 .

261 3956 342 4023 avit.
398 3955 518 4041 Itaque
541 3976 615 4020 cum
637 3955 675 4019 in
697 3953 755 4019 illo
786 3954 898 4018 dolore
919 3958 1051 4019 noctem
1083 3955 1307 4021 continuasset

261 4064 295 4125 et
327 4058 422 4135 diem,
456 4058 537 4123 hora
582 4079 651 4142 qua
666 4055 843 4122 laudibus2
866 4056 1064 4142 vespertinis
1093 4078 1184 4122 sacra
1217 4058 1307 4123 illius

259 4162 325 4227 diei
355 4160 518 4226 festivitas
549 4159 769 4239 claudebatur,
793 4160 881 4224 inter
903 4180 999 4225 voces
1032 4159 1242 4246 psallentium
1273 4168 1450 4227 etnercurc.

258 4262 402 4350 gemitus
435 4262 602 4328 orantium
634 4262 744 4328 subito
776 4262 892 4327 addita
923 4259 989 4325 sibi
1023 4262 1167 4326 sanitate
1197 4262 1309 4328 intue-

261 4366 358 4431 batur
388 4370 543 4442 astantes,
574 4364 691 4431 flentes
725 4365 971 4444 admirabatnr3
1008 4362 1068 4428 ubi
1100 4368 1193 4444 esset,
1227 4366 1309 4451 quid

260 4490 365 4557 passa,
391 4490 457 4554 quo
489 4467 609 4545 delata,
642 4489 714 4553 quaa
747 4468 835 4532 tanti
869 4466 991 4531 doloris
1024 4488 1128 4547 cansa,
1160 4488 1307 4534 sermone

259 4672 785 4685 ....-⁴—--———--.-.--·---...—-
871 4673 944 4677 .—

296 4801 302 4829 ¹
320 4798 503 4865 cccrploraturr]
523 4799 678 4863 completuri,
689 4798 746 4849 MS.
773 4797 777 4864 Ι
825 4800 834 4829 ²
851 4796 976 4864 laudibus]
991 4798 1131 4861 laudabilis,
1140 4800 1195 4852 MS.
