3567 5800
389 868 436 919 un
458 867 573 917 onsms
595 866 716 917 ansusi
737 864 937 917 arsen-111.
964 851 1016 927 25,
1038 850 1089 915 26.
1205 848 1265 911 131

222 1062 269 1127 At
301 1058 428 1135 mulier,
450 1055 614 1122 novercali
648 1055 723 1121 odio
751 1053 920 1141 vipereum
953 1052 1064 1119 dolum
1086 1052 1265 1132 ruminans,
1278 1046 1351 1165 3⁷3¹·
1378 1116 1394 1129 „

222 1168 260 1228 ut
284 1184 345 1228 nee
365 1181 487 1226 nomen
507 1160 595 1246 regis
616 1158 686 1223 filio
707 1158 842 1234 deesset,
865 1156 1005 1223 insidias
1028 1140 1183 1242 privigno
1205 1177 1262 1243 pa·
1279 1158 1294 1247 ς
1311 1130 1365 1231 15¹2]
1377 1132 1402 1166 ¹¹'

223 1267 338 1335 rabat:
363 1288 444 1353 quas
465 1265 527 1331 tali
548 1264 645 1331 modo
669 1261 879 1329 terminavit·

629 1607 707 1673 Car.
731 1605 856 1671 XXVI.
1280 1616 1437 1735 pompe.

301 1800 351 1867 aa
377 1797 538 1887 passum
567 1794 679 1864 sanes
708 1794 878 1860 notasses
908 1794 1066 1871 secessi,
1097 1793 1222 1878 aaa
1281 1752 1415 1869 lilla

635 1905 664 1967 et
692 1896 868 1983 Martyria.
1281 1885 1405 2001 ffiii·

1283 2020 1298 2087 ς
1313 2024 1366 2069 res.

267 2105 373 2173 ANNO
395 2103 532 2169 Domini
552 2102 836 2189 noningentesimo
871 2102 1110 2188 septuagesimo
1144 2104 1269 2177 estare,
1285 2111 1352 2163 AD.
1366 2113 1423 2161 ers.

222 2231 298 2275 eum
320 2228 379 2275 rex
401 2206 584 2272 Edwardus
606 2206 659 2271 die
682 2205 825 2292 quadam
847 2206 882 2269 in
905 2203 1082 2269 venatione
1111 2205 1214 2269 lassus
1237 2206 1272 2268 et

223 2313 282 2377 siti
303 2311 402 2376 nimis
423 2310 560 2376 effeetus
592 2314 709 2397 potum
731 2307 819 2373 solus
841 2314 1010 2394 quaereret,
1043 2306 1272 2373 commilitoni-

223 2415 287 2481 bus
309 2414 620 2479 westminstre
653 2434 748 2477 sanes
782 2432 977 2499 quoeunque
1010 2432 1101 2477 cesus
1134 2410 1275 2476 ducebat

224 2518 483 2604 insequentibus,
532 2516 650 2582 audito
687 2516 775 2603 quod
818 2537 959 2581 noverea
996 2515 1065 2581 eius
1103 2519 1137 2580 et
1174 2515 1277 2580 frater

224 2621 421 2688 Ethelredus
458 2622 494 2685 in
524 2619 606 2685 villa
636 2620 779 2707 quadam
814 2640 889 2705 quse
926 2616 1125 2706 Corvesgate
1157 2617 1277 2683 dieitur

224 2723 427 2801 habitarent,
450 2724 576 2789 ooneito
599 2724 752 2809 equitatu
775 2722 854 2787 illue
875 2722 1052 2809 pertendit,
1076 2722 1160 2787 nihil
1184 2721 1278 2785 sinis-

225 2832 318 2893 trum
360 2831 494 2914 propter
537 2825 760 2891 innoeentiam
805 2825 995 2912 suspicans3
1039 2824 1096 2890 sed
1138 2824 1277 2890 aliorum

226 2931 325 2997 eorda
362 2951 404 2996 ex
436 2930 488 2994 sui
519 2931 659 3016 pectoris
690 2929 911 2994 moderamine
944 2929 1156 3014 ponderabat.
1225 2927 1276 2994 At

225 3055 368 3100 noverea
402 3033 471 3098 eius
492 3032 621 3098 Elfrida
642 3032 774 3098 blandis
806 3053 881 3096 eum
915 3033 1118 3098 sermonibus
1140 3031 1276 3098 venien-
1289 3039 1397 3089 Edwnrd

226 3143 296 3204 tem
319 3135 475 3214 alliciens,
498 3137 563 3201 sibi
584 3137 662 3202 fecit
683 3137 876 3215 intendere;
910 3140 1042 3222 etpost
1065 3137 1174 3202 oscula
1203 3158 1277 3222 por·
1291 3105 1439 3224 {trima

226 3245 317 3306 recto
341 3239 465 3326 poculo,
489 3260 600 3326 regem
619 3239 703 3304 illud
725 3240 822 3305 avide
844 3239 1052 3305 haurientem
1073 3262 1134 3326 per
1154 3239 1278 3306 lictoris
1291 3240 1395 3290 nuum.

227 3365 368 3409 manum
390 3343 457 3407 siaa
479 3341 663 3407 transfodit.
725 3343 798 3407 Rex
820 3364 898 3408 vero
923 3341 1114 3421 Edwardus‚
1148 3364 1222 3407 cum
1245 3363 1279 3406 se

227 3446 375 3513 letaliter
396 3445 605 3510 vulneratum
628 3445 790 3531 cognovit,
825 3466 923 3532 equm
957 3444 1134 3511 balearibus
1166 3467 1280 3532 urgere

229 3549 342 3637 erepit,
371 3553 411 3612 ut
432 3547 555 3613 rediret
585 3547 629 3612 ad
651 3569 734 3625 suos,
771 3547 961 3614 exundante
994 3548 1114 3634 iugiter
1145 3570 1278 3614 eruore:

228 3651 320 3718 unde
365 3672 433 3716 snae
466 3651 581 3715 mortis
613 3650 736 3715 indicia
780 3673 815 3716 se
858 3651 1079 3737 quaerentibus
1123 3653 1282 3720 ministris

231 3756 333 3822 dedit.
394 3753 486 3818 Tune
517 3752 645 3818 Elfrida
679 3752 796 3818 mulier
829 3753 888 3819 illa
917 3755 1115 3842 nequissima
1148 3757 1281 3844 eiusque

230 3859 321 3924 filins
344 3855 542 3922 Ethelredus
564 3878 679 3943 eorpus
701 3858 807 3923 saneti
828 3857 913 3944 regis
936 3863 970 3922 et
997 3860 1153 3945 martyris
1177 3861 1280 3925 saneti
1294 3877 1426 3928 Buriedat

232 3960 392 4026 Edwardi
414 3959 485 4023 sine
508 3958 630 4024 honore
652 3960 741 4048 apud
764 3959 925 4026 Warham
955 3962 1083 4050 sepeliri
1105 3963 1280 4041 iusserunt,
1294 3945 1422 3996 Werham.

231 4064 401 4152 publicam
422 4060 575 4128 laetitiam
598 4066 730 4148 agentes
753 4066 789 4127 et
810 4063 972 4142 festivam,
1008 4087 1045 4130 ae
1067 4066 1095 4129 si
1118 4088 1192 4130 cum
1215 4088 1282 4131 cor-

233 4189 314 4256 pore
348 4163 474 4253 pariter
505 4171 540 4230 et
582 4165 774 4230 memoriam
812 4167 1011 4252 sepelissent.
1082 4168 1283 4235 Invidebant

233 4269 326 4335 enim
348 4273 478 4333 mortuo
501 4268 747 4333 eeclesiasticam
778 4270 950 4335 eoncedere
985 4272 1196 4359 sepulturam,
1232 4273 1284 4338 oui

233 4372 367 4438 viventi
399 4369 497 4435 decus
531 4370 657 4457 regium
690 4371 889 4437 auferebant.
936 4373 1002 4438 Sed
1033 4373 1130 4438 affuit
1152 4375 1284 4442 Divinae

233 4473 456 4540 miserationis
479 4493 660 4551 consensus,
693 4474 750 4560 qui
784 4474 974 4541 innocenter
1006 4499 1124 4543 wsum
1146 4478 1284 4546 miraeu-

234 4578 345 4643 lorum
367 4576 473 4663 gloria
494 4574 696 4641 sublimavit.
748 4576 836 4641 Nam
868 4578 949 4644 adeo
984 4579 1128 4646 eoelestia
1161 4582 1285 4648 ibidem

234 4681 311 4745 visa
333 4683 414 4743 sunt
434 4677 567 4764 delapsa
585 4677 685 4744 inisse
707 4678 890 4757 luminaria,
925 4685 964 4746 ut
987 4684 1087 4748 etiam
1109 4707 1183 4751 eum
1206 4687 1285 4773 ipsis
1298 4691 1423 4744 Miraeles.

178 4786 182 4792 ’
234 4783 401 4848 luminum
444 4781 544 4846 radiis
586 4781 709 4847 claudis
751 4783 978 4850 restitueretur
1014 4809 1150 4874 gressus,
1195 4791 1285 4856 caeeis

1096 4895 1153 4958 12
