3567 5800
507 879 571 940 322
767 891 830 941 mc.
855 889 902 940 nn
925 891 1061 942 munuc.
1086 890 1176 942 susc.
1200 889 1287 941 nrsr.

505 1078 680 1160 licendum,
713 1079 898 1167 debitisque
928 1080 1097 1166 praeconiis
1129 1079 1359 1145 honorandum
1389 1077 1427 1141 in
1448 1075 1556 1154 terris,

505 1205 603 1268 quem
634 1182 724 1248 Dens
751 1203 809 1268 per
839 1182 982 1269 gratiam
1012 1203 1105 1248 suam
1134 1183 1376 1269 glorificaverat
1398 1180 1435 1244 in
1457 1179 1556 1245 coelis

505 1285 550 1351 Et
572 1290 612 1350 ut
634 1285 683 1350 ita
707 1283 860 1372 deinceps
884 1286 1123 1364 observaretur,
1147 1308 1206 1372 per
1229 1283 1412 1373 apostolica
1433 1283 1558 1370 scripta

505 1384 754 1475 archiepiscopis
791 1387 950 1475 episcopis
987 1388 1203 1474 omnibusque
1241 1387 1462 1453 communiter
1499 1405 1559 1472 per

506 1489 663 1578 Angliam
694 1491 883 1590 constitutis
907 1491 1114 1557 ecclesiarum
1144 1491 1290 1579 praelatis
1319 1491 1376 1578 pia
1405 1490 1559 1556 exhortu-

505 1594 597 1659 tione
634 1595 793 1680 firmaque
831 1595 1029 1682 auctoritate
1061 1595 1242 1661 mandavit.
1304 1593 1413 1658 Tener
1445 1597 1558 1657 autem

338 1713 425 1764 Iaetter
435 1713 467 1763 of
507 1697 758 1785 apostolicarum
780 1695 954 1764 literarum
975 1697 1030 1763 hic
1052 1704 1110 1763 est.
1157 1697 1374 1763 “Alexander
1388 1698 1559 1784 episcopus

333 1781 494 1914 ἓξὲξ]
509 1821 622 1866 servus
663 1821 831 1866 servorum
873 1799 938 1865 Dei
975 1800 1218 1866 venerabilibus
1255 1798 1415 1864 fratribus
1453 1797 1558 1862 archi-

335 1913 428 1964 Baron
508 1902 665 1989 episcopis
691 1901 849 1989 episcopis
875 1907 911 1968 et
936 1903 1064 1969 dilectis
1090 1903 1168 1969 filiis
1191 1901 1368 1968 abbatibus
1391 1899 1558 1989 prioribus

333 1979 491 2108 &3¹33
506 2003 644 2092 aliisque
674 2005 881 2071 ecclesiarum
912 2007 1059 2092 praelatis
1085 2029 1144 2094 per
1165 2005 1323 2094 Angliam
1353 2003 1557 2080 constitutis,

334 2111 491 2192 nussam.
505 2109 644 2174 salutem
661 2113 695 2173 et
709 2109 922 2195 apostolicam
938 2109 1210 2177 benedictionem.
1256 2107 1350 2174 Illius
1372 2105 1558 2174 devotionis

334 2181 429 2310 {213}
440 2249 493 2298 end
504 2211 724 2276 constantiam
754 2217 788 2276 et
819 2210 899 2277 fidei
932 2212 1128 2278 firmitatem
1158 2235 1258 2300 quam
1294 2213 1379 2278 circa
1416 2214 1556 2275 matrem

333 2311 458 2364 nenoein
503 2320 650 2380 vestram
687 2319 928 2380 sacrosanctam
967 2314 1151 2381 Romanam
1188 2315 1357 2382 eeclesiam
1390 2313 1556 2379 exhibetis

333 2380 490 2498 Bffisffl,
504 2417 695 2505 diligentius
733 2419 947 2484 attendentes
980 2420 1018 2483 in
1048 2418 1084 2484 id
1114 2420 1277 2506 propositi
1306 2423 1341 2483 et
1370 2414 1556 2482 voluntatis

333 2528 357 2576 1>-
367 2517 424 2564 ³⁰²=
504 2517 718 2601 adducimur,¹
753 2527 793 2586 ut
814 2543 874 2586 vos
900 2523 985 2587 sicut
1008 2523 1190 2587 carissimos
1219 2521 1338 2586 fratres
1365 2525 1495 2585 nostros
1522 2524 1557 2582 et

503 2623 658 2710 speciales
682 2622 824 2688 ecclesiae
847 2619 933 2689 filios
955 2624 1082 2690 sincera
1102 2625 1239 2690 cantate
1259 2624 1296 2689 in
1315 2623 1459 2689 Domino
1481 2619 1554 2686 dili-

503 2747 618 2812 gamus
650 2726 840 2812 propensius
872 2727 1070 2793 honoremus
1097 2735 1131 2794 et
1156 2727 1396 2815 postulationes
1418 2730 1556 2799 vestras,

504 2834 668 2915 quantum
693 2852 767 2895 cum
798 2829 869 2895 Deo
900 2852 1082 2918 possumus,
1107 2831 1226 2896 libenti
1258 2831 1369 2896 animo
1399 2829 1557 2895 admitta—

502 2954 583 2999 mus
630 2932 713 2999 Inde
737 2934 854 3021 utique
877 2934 951 3012 fuit,
976 2934 1065 3021 quod
1087 2958 1184 3022 super
1207 2936 1367 3024 petitione
1389 2956 1489 3020 quam
1514 2933 1555 2997 de

503 3030 668 3103 Eduardo
706 3038 847 3125 glorioso
886 3040 1053 3125 quondam
1090 3062 1166 3126 rege
1203 3038 1390 3126 Anglorum
1424 3036 1557 3102 canoni·

503 3140 610 3205 zaudo
655 3144 689 3205 et
734 3140 772 3205 in
820 3146 1009 3206 sanctorum
1055 3142 1205 3230 catalogo
1251 3139 1441 3207 ascribendo
1486 3142 1555 3204 tam

503 3242 688 3308 carissimus
714 3242 752 3308 in
775 3242 908 3309 Christo
934 3242 1024 3310 filius
1050 3250 1163 3311 noster
1185 3246 1350 3311 Henricus
1372 3243 1557 3331 Auglorum

502 3344 642 3411 illustris
668 3368 726 3411 rex
750 3368 850 3433 quam
872 3369 932 3413 vos
955 3345 1020 3434 ipsi
1041 3348 1138 3413 nobis
1161 3348 1340 3413 instantius
1364 3346 1557 3433 porrexistis

503 3446 664 3512 solicitam
685 3470 758 3514 cum
782 3448 940 3514 fratribus
963 3451 1085 3515 uostris
1102 3450 1372 3516 deliberationem
1386 3450 1556 3528 habentes,

502 3549 587 3614 libro
610 3551 841 3616 miraculorum
868 3553 1016 3640 inspecto
1040 3575 1114 3640 quae
1137 3554 1216 3619 dum
1240 3554 1277 3619 in
1300 3552 1433 3618 mortali
1460 3575 1556 3618 carne

503 3650 633 3718 viveret
653 3658 687 3719 et
711 3654 950 3741 postquam'de
972 3657 1129 3743 praesenti
1151 3655 1270 3723 saeculo
1292 3662 1345 3721 est
1366 3660 1557 3742 assumptus

505 3752 722 3842 Omnipotens
753 3750 917 3822 Dominus
948 3782 1008 3846 per
1037 3781 1132 3824 suam
1161 3760 1420 3825 misericordiam
1451 3758 1558 3823 decla·

502 3857 599 3936 ravit,
623 3858 705 3924 visis
728 3859 829 3926 etiam
852 3860 975 3927 litteris
999 3863 1214 3929 antecessoris
1236 3863 1342 3928 nostri
1364 3860 1429 3949 piae
1450 3882 1558 3927 recor·

503 3960 648 4026 dationis
686 3961 874 4028 Innocentii
908 3971 1010 4052 pa'pae‚
1045 3964 1165 4032 vestris
1197 3988 1326 4053 quoque
1355 3964 1558 4030 testimoniis

502 4062 580 4128 inde
608 4063 757 4153 receptis,
781 4068 933 4152 quamvis
963 4069 1133 4155 negotium
1163 4074 1233 4133 tam
1259 4070 1400 4133 arduum
1423 4073 1459 4134 et
1480 4068 1558 4132 sub

500 4164 579 4231 lime
602 4190 670 4233 non
691 4168 880 4256 frequenter
903 4171 1007 4236 soleat
1029 4172 1094 4236 nisi
1116 4172 1153 4237 in
1174 4172 1390 4238 sollemnibus
1412 4170 1558 4237 consiliis

501 4266 542 4333 dc
580 4292 670 4337 more
700 4272 842 4353 concedi,
876 4273 917 4339 de
955 4275 1122 4339 communi
1152 4282 1264 4341 tamen
1301 4274 1442 4341 fratrum
1481 4297 1557 4341 nos·

500 4377 627 4437 trorum
663 4375 798 4441 consilio
833 4376 931 4441 iuxta
961 4382 1078 4443 votum
1109 4383 1144 4443 et
1174 4378 1374 4444 desiderium
1404 4377 1558 4465 predicti

499 4470 561 4538 filii
589 4477 696 4542 nostri
726 4478 812 4566 regis
843 4502 880 4545 ac
908 4485 1057 4546 vestrum
1086 4503 1203 4569 corpus
1228 4482 1332 4569 ipsius
1363 4482 1557 4548 confessoris

735 4686 752 4691 ..
769 4686 847 4693 --..--
857 4686 911 4693 -..-
921 4688 933 4692 -

782 4840 786 4852 -
807 4814 814 4843 ¹
831 4808 989 4878 ausono]
1009 4810 1175 4871 adducuntur.
1187 4810 1244 4864 MS.
