3567 5800
453 892 499 940 nn
521 891 638 941 ansrrs
659 889 782 942 annun
803 887 1001 940 luen-111.
1026 876 1077 938 21.
1229 875 1287 938 101

241 1075 385 1160 sliquam
406 1079 607 1162 potestatem
628 1075 693 1141 sibi
719 1074 755 1141 in
789 1073 860 1162 ipso
892 1073 1093 1142 monasterio
1125 1094 1294 1162 usurpare,

240 1176 293 1241 vel
326 1177 453 1264 aliquid
486 1177 581 1263 quasi
614 1199 673 1264 per
704 1177 971 1244 commutationis
1001 1175 1138 1244 titulum
1171 1175 1295 1264 absque

239 1280 414 1345 voluntate
436 1281 541 1366 ipsius
563 1279 824 1368 congregationis
846 1279 901 1345 vel
923 1283 1073 1346 nostrum
1100 1279 1294 1366 permissum

240 1381 398 1461 minuere,
447 1387 508 1448 aut
557 1383 680 1461 calices,
731 1388 791 1448 aut
835 1404 955 1462 cruces,
994 1404 1053 1448 seu
1098 1382 1295 1448 indumenta

240 1484 364 1564 altaris,
387 1485 442 1551 vel
475 1507 583 1552 sacros
616 1486 751 1564 codices,
773 1507 902 1564 aurum,
930 1489 1113 1574 argentum,
1139 1485 1192 1550 vel
1216 1507 1295 1572 qua·

240 1583 433 1674 lemeunque
455 1585 596 1674 speeiem
617 1587 743 1653 ibidem
774 1587 936 1665 collatam,
971 1587 1097 1654 auferre
1125 1587 1180 1652 vel
1213 1587 1295 1652 alius

241 1688 364 1753 deferre
394 1694 579 1775 prasumat
639 1688 707 1756 Sed
727 1688 826 1755 liceat
847 1689 911 1776 ipsi
933 1687 1180 1776 congregationi
1206 1689 1296 1774 quod

240 1811 299 1875 per
319 1796 443 1856 rectam
473 1791 714 1878 delegationem
746 1791 904 1858 collatum
927 1800 978 1858 eat
1010 1789 1172 1878 perpetim
1194 1791 1296 1876 possi·

240 1891 325 1971 dere,
349 1898 385 1959 et
417 1916 477 1980 pro
510 1895 697 1960 stabilitate
727 1893 822 1981 regni
853 1893 960 1960 nostri
994 1892 1116 1980 iugiter
1150 1913 1293 1969 exorare,

240 1995 319 2080 quia
339 2017 402 2060 nos
424 2018 483 2081 pro
506 1996 571 2061 Dei
605 2019 715 2062 amore
738 2001 773 2062 et
794 1993 981 2061 reverentia
1014 1993 1120 2060 sancti
1154 1995 1295 2082 apostoli

240 2103 274 2160 et
296 2097 508 2185 adipiscenda
528 2098 601 2164 vita
628 2104 755 2166 aetema
784 2098 846 2164 hoc
876 2097 1074 2164 beneficium
1110 2096 1152 2162 ad
1184 2097 1292 2163 locum

240 2198 335 2263 illum
356 2200 539 2266 terribilem
562 2206 597 2266 et
619 2207 770 2268 sanctum
793 2222 867 2266 cum
890 2201 1025 2266 consilio
1049 2199 1244 2288 pontificum
1260 2207 1294 2266 et

241 2301 422 2367 illustrium
458 2303 605 2368 virorum
657 2308 846 2370 nostrorum
891 2324 1063 2391 procerum
1107 2301 1294 2390 gratissimo

241 2403 353 2469 animo
376 2409 411 2469 et
433 2404 564 2492 integra
585 2405 757 2471 voluntate
779 2405 845 2470 nisi
877 2405 1001 2471 fuimus
1035 2405 1235 2493 praestitisse,
1259 2426 1296 2472 eo

241 2506 396 2571 videlicet
443 2506 565 2587 ordine,
614 2512 656 2572 ut
699 2509 785 2574 sieut
829 2513 977 2594 tempore
1021 2507 1295 2595 praedeeessorum

242 2629 388 2674 meorum
420 2609 544 2675 ibidem
577 2610 697 2676 chorus
729 2595 943 2697 psallentium
976 2631 1035 2698 per
1068 2616 1196 2677 turmas
1227 2610 1294 2677 fuit

242 2709 426 2792 institutus,
459 2713 509 2778 ita
542 2713 597 2779 die
631 2718 797 2802 noctuque
831 2714 868 2778 in
901 2715 972 2780 loco
1003 2714 1074 2800 ipso
1105 2713 1295 2780 celebretur.

243 2812 279 2878 Si
316 2819 430 2880 eutem
467 2815 632 2903 quispiam
668 2816 754 2882 hanc
794 2820 942 2882 nostram
975 2816 1208 2883 auctoritatem
1240 2816 1296 2882 vel

242 2916 477 2983 inmunitatem
511 2918 691 3005 infringere
711 2920 864 2997 voluerit,
889 2924 924 2986 et
958 2921 1040 2987 alios
1072 2920 1199 2987 adhoc
1221 2942 1297 2987 con·

226 3018 383 3098 duxerit,
399 3022 623 3107 unusquisque
637 3042 697 3108 pro
718 3044 754 3088 se
776 3022 847 3109 ipsc
869 3022 971 3088 libras
986 3023 1131 3110 quinque
1145 3023 1296 3110 partibus

243 3122 348 3188 sancti
370 3122 464 3188 Petri
485 3123 604 3205 solvat,
628 3130 672 3203 et,
695 3130 735 3191 ut
757 3124 884 3192 dictum
907 3129 968 3204 cst,
990 3125 1144 3213 quicquid
1176 3125 1297 3192 exinde

243 3226 340 3290 fiscus
373 3231 485 3292 noster
515 3227 559 3292 ad
592 3232 720 3313 partem
753 3233 901 3294 nostram
934 3248 1064 3315 sperare
1098 3231 1236 3315 poterat,
1259 3228 1297 3293 in

243 3336 459 3403 luminaribus
479 3338 534 3404 vel
556 3339 730 3427 stipendiis
752 3339 994 3417 monachorum,
1019 3360 1077 3405 seu
1101 3344 1135 3405 et
1158 3339 1295 3407 eleemo-

243 3440 332 3524 synis
353 3462 535 3527 pauperum
559 3441 662 3529 ipsius
687 3442 880 3509 monasterii
902 3441 1090 3529 perenniter
1105 3464 1164 3530 por
1179 3446 1297 3510 nostra

246 3543 376 3608 oracula
397 3544 441 3609 ad
462 3544 629 3631 integrum
651 3546 698 3610 sit
719 3566 905 3613 concessum
928 3551 1028 3633 atque
1050 3544 1228 3613 indultum.

287 3651 306 3680 “
322 3645 381 3723 Et,
403 3651 442 3711 ut
464 3645 533 3712 haec
555 3648 733 3713 auctoritas
755 3648 876 3713 nostris
900 3652 934 3714 et
955 3648 1077 3715 futuris
1093 3648 1295 3736 temporibus

243 3747 327 3813 circa
347 3748 457 3834 ipsum
479 3755 633 3816 sendum
654 3750 763 3817 locum
794 3752 983 3838 perenniter
1005 3752 1102 3819 firma
1123 3758 1158 3817 et
1189 3752 1296 3818 invio-

242 3849 310 3916 lata
331 3856 534 3938 permaneat,
558 3854 611 3918 vel
634 3876 692 3940 per
724 3854 836 3919 omnia
869 3846 1019 3941 tempora
1052 3854 1157 3921 illaesa
1188 3857 1296 3919 eusto-

243 3952 355 4018 diatur
385 3959 487 4040 etque
518 3962 736 4036 conservetur,
762 3960 796 4022 et
817 3955 861 4021 ab
893 3955 1046 4022 omnibus
1079 3955 1297 4044 optimatibus

242 4056 362 4121 nostris
384 4062 419 4121 et
441 4057 604 4124 iudicibus
625 4058 764 4144 publicis
786 4063 822 4125 et
848 4059 989 4146 privetis
1020 4058 1137 4125 melius
1160 4079 1197 4124 ac
1227 4080 1295 4123 cer·

243 4159 310 4224 tius
331 4159 493 4240 eradatur,
509 4178 627 4227 manus
641 4165 763 4227 nostrae
778 4160 1072 4249 subscriptionibus
1090 4159 1208 4227 subtus
1223 4180 1296 4227 eam

243 4260 446 4327 decrevimus
481 4262 640 4344 roborare,
679 4269 714 4331 et
752 4264 793 4330 ds
829 4262 938 4351 sigillo
983 4268 1096 4330 nostro
1143 4260 1297 4329 iussimus

242 4384 269 4428 ar

269 4364 398 4502 Q
420 4466 561 4555 Signum
584 4477 623 4554 -Ι-
645 4468 770 4557 Edgari
800 4468 910 4536 incliti
937 4473 972 4535 et
994 4466 1193 4536 serenissimi
1224 4466 1296 4533 An·
1310 4454 1457 4573 ospgppures

691 4573 821 4659 glorum
843 4572 936 4659 regis.
1309 4588 1434 4667 kipgsnd

380 4672 565 4760 “Signum
589 4681 627 4760 -1-
650 4674 810 4741 Edwardi
833 4674 978 4740 eiusdem
1002 4674 1087 4763 regis
1111 4674 1181 4740 filii.
1310 4668 1416 4720 ΡΜ·

383 4781 403 4809 “
427 4775 567 4862 Signum
591 4776 630 4854 -Ι-
653 4776 837 4844 AEtbelredi
860 4776 974 4845 fratris
996 4777 1074 4845 eius.
