3567 5800
399 849 446 898 na
467 847 583 898 onsrrs
606 849 727 900 maun
748 847 956 911 anon—111,
982 837 1033 912 28,
1060 835 1112 898 29.
1205 833 1275 898 llo

228 1034 272 1097 ad
310 1035 553 1120 provinciarum
591 1035 877 1122 depopulationem
909 1034 950 1100 de
987 1033 1130 1100 navibus
1160 1034 1273 1099 exivit.

229 1136 294 1201 Oui
315 1138 472 1203 continuo
489 1138 789 1206 Northumbrenses
806 1137 1049 1224 [Lindesienses
1072 1136 1122 1222 et]
1138 1137 1276 1202 Fifbur·
1287 1139 1343 1190 The
1354 1139 1437 1218 North

228 1240 353 1324 genses¹
371 1240 526 1328 primitus
541 1241 776 1306 subiectionem
798 1240 967 1317 fecerunt3
992 1245 1026 1305 et
1048 1261 1122 1306 curn
1137 1261 1204 1305 non
1219 1239 1277 1304 ba·
1288 1207 1436 1324 ffilclssff„

229 1342 348 1409 berent
368 1343 580 1425 defensorem,
604 1343 711 1408 omnis
732 1343 873 1430 populus
896 1342 953 1428 qui
980 1341 1112 1408 habitat
1135 1365 1156 1408 a
1182 1341 1342 1429 passeris.

229 1445 408 1529 aquilonali
428 1452 543 1513 stratae
564 1446 706 1534 publioae
728 1469 803 1532 quse
833 1445 1125 1532 Watlingestrcate
1155 1445 1278 1510 dicitur

227 1548 272 1611 ad
293 1547 495 1614 deditionem
517 1550 675 1636 compulsi
697 1570 814 1614 manus
836 1548 1000 1614 dederunt
1026 1552 1060 1614 et
1082 1547 1277 1613 fidelitatem

228 1648 316 1714 datis
335 1650 504 1716 obsidibus
525 1651 728 1716 iuraverunt.
768 1650 899 1716 Deinde
914 1671 1028 1716 versus
1047 1654 1196 1715 austrum
1220 1673 1278 1715 ex-

227 1753 427 1836 peditionem
454 1777 597 1835 movens,
629 1755 697 1820 suis
728 1753 883 1819 omnibus
916 1754 1060 1819 edictum
1098 1753 1276 1841 proposuit,

227 1859 268 1919 ut
287 1878 383 1942 agros
404 1857 588 1922 fructiferos
609 1856 831 1934 devastarent,
853 1855 949 1921 villas
970 1860 1163 1935 cremarent,
1186 1855 1276 1921 lucos

228 1962 262 2022 et
291 1959 456 2044 pomaria²
484 1959 696 2037 succiderent,
723 1959 871 2024 eeclesias
901 1959 1088 2044 spoliarent,
1115 1958 1272 2044 quioquid

229 2062 403 2127 masculini
425 2085 523 2128 sexus
545 2063 589 2126 ad
610 2084 727 2127 manus
749 2063 886 2141 veniret,
909 2061 1106 2146 iugularent.
1153 2061 1272 2147 Sicque

228 2163 388 2228 ministris
409 2165 532 2251 ubique
554 2165 660 2230 ferina
685 2164 775 2228 rabie
807 2163 1094 2243 debacchantibus,
1127 2163 1170 2228 ad
1205 2163 1392 2228 Ox-Oxsord·

227 2265 338 2330 oniam
360 2267 496 2331 tandem
518 2268 678 2353 pervenit.
737 2265 812 2346 Qua
846 2266 982 2331 civitate
1014 2264 1081 2332 levi
1105 2266 1274 2332 conamine

227 2369 412 2456 subiugata,
434 2370 632 2435 fidelitatem
655 2374 689 2434 et
711 2369 839 2436 obsides
861 2368 939 2433 inde
961 2369 1091 2456 recepit.
1138 2368 1183 2433 Et
1198 2369 1274 2432 inde

228 2471 446 2555 Wyntoniam
470 2471 642 2549 transiens,
678 2495 752 2536 eam
784 2470 984 2558 subiugavit,
1008 2475 1042 2535 et
1065 2472 1274 2536 securitatem
1286 2487 1359 2539 win-

227 2597 246 2639 a
267 2574 395 2639 civibus
417 2580 452 2639 et
473 2573 728 2662 provincialibus
750 2574 901 2661 praestito
919 2575 1101 2638 ivramento
1125 2573 1272 2639 extorsit.
1286 2555 1390 2606 “hm

227 2677 318 2742 Tunc
341 2700 416 2742 cum
437 2678 542 2764 gloria
562 2699 684 2763 magna
705 2677 749 2740 ad
764 2677 878 2740 urbem
902 2676 1146 2741 Londoniarum
1169 2681 1275 2741 castra
1286 2697 1400 2746 huden.

228 2779 382 2864 dirigens,
413 2780 528 2846 multis
559 2780 665 2844 modis
696 2800 769 2843 eam
802 2779 856 2843 vel
889 2778 1052 2844 violenter
1085 2800 1199 2866 capere
1222 2778 1275 2844 vel

229 2881 304 2948 dolo
327 2883 458 2949 studuit
483 2904 681 2970 expugnare.
743 2879 809 2949 Sed
840 2881 876 2945 in
908 2881 1015 2967 primo
1046 2881 1193 2947 adventu
1216 2903 1276 2947 suo

226 2987 326 3051 multi
349 3009 481 3052 suorum
496 2987 533 3051 in
554 2986 731 3052 Thamensi
754 2985 890 3050 flumine
913 2984 1074 3050 submersi
1096 2986 1275 3071 perierunt,

227 3090 307 3175 quia
329 3091 433 3154 nimia
454 3090 641 3155 tomeritate
656 3088 818 3176 praeventi
840 3110 900 3153 neo
921 3092 1057 3173 pontem
1080 3108 1139 3152 neo
1154 3088 1276 3152 vadum

228 3215 373 3278 quaerere
395 3192 579 3258 voluerunt.
626 3192 700 3257 Rex
721 3212 800 3256 vero
828 3189 1034 3267 Ethelredus,
1058 3190 1116 3275 qui
1140 3190 1175 3254 in
1198 3190 1278 3255 civi·

227 3302 299 3361 tate
334 3296 557 3361 londoniensi
587 3301 668 3360 tunc
701 3299 780 3371 erat,
814 3292 906 3357 aliud
939 3314 1008 3357 non
1037 3292 1161 3358 liabens
1191 3292 1243 3357 ref
1264 3328 1277 3341 ·

228 3400 329 3485 giam,
365 3422 438 3464 oum
472 3398 600 3464 civibus
631 3397 725 3462 urbis
756 3395 880 3461 moenia
912 3396 1056 3461 viriliter
1089 3395 1275 3477 defendens,

228 3524 358 3567 omnem
380 3524 471 3589 spem
502 3502 622 3569 Swano
653 3500 723 3588 regi
752 3499 922 3573 civitatem
945 3498 1119 3585 optinendi
1142 3499 1273 3564 ademit.

231 3606 296 3686 Qui
311 3607 506 3672 festinanter
527 3606 605 3669 inde
627 3603 788 3683 recedens,
811 3601 902 3689 prius
924 3602 1274 3689 adWalingefordiam
1286 3615 1411 3681 vl'elling-

229 3715 264 3774 et
296 3709 415 3773 deinde
448 3708 492 3772 ad
523 3706 722 3772 Bathoniam
754 3705 873 3771 canina
910 3704 1001 3769 rabie
1039 3705 1204 3771 saeviendo
1241 3709 1276 3770 et
1286 3685 1402 3803 fpptlhsm

229 3813 329 3878 obvia
365 3833 503 3898 qumque
541 3811 605 3876 sibi
642 3809 842 3875 conterendo
875 3830 1061 3895 properans,
1094 3807 1276 3874 exercitum
1357 3790 1362 3801 ¹

229 3939 323 3982 suum
360 3915 581 4002 refrigera-ndo
617 3913 821 3998 aliquamdiu
860 3912 983 3976 ibidem
1020 3912 1148 3977 resedit.
1205 3910 1276 3977 ‘Ubi

230 4042 335 4085 comes
350 4018 567 4084 Devoniensis
590 4016 748 4081 Almarus
769 4021 804 4081 et
820 4037 932 4080 ornnes
951 4014 1161 4080 occidentalis
1183 4014 1277 4101 regni

230 4127 390 4209 potentes,
414 4144 489 4186 cum
519 4120 683 4185 ministris
712 4118 812 4206 regis,
835 4118 905 4183 eius
936 4117 1150 4201 tyrannidem
1173 4121 1277 4182 metu-

218 4232 330 4306 entes,
353 4229 517 4289 venerunt
539 4224 583 4287 ad
605 4246 688 4300 eum,
705 4227 740 4287 et
760 4220 848 4287 datis
870 4219 1038 4285 obsidibus
1053 4242 1165 4306 paoem
1182 4220 1278 4284 abeo

231 4330 406 4415 petierunt.
461 4327 624 4391 Omnibus
661 4325 764 4411 igitur
796 4345 856 4411 pro
890 4322 975 4389 velle
1009 4345 1067 4388 suo
1100 4320 1277 4409 dispositio,

232 4456 303 4498 cum
326 4432 490 4497 neminem
519 4430 582 4495 sibi
613 4429 763 4495 resistere
796 4449 856 4493 rex
888 4427 1029 4492 Swanus
1064 4426 1276 4513 cognovisset,

343 4640 389 4646 -,,
406 4640 417 4643 -
536 4632 809 4641 -....-...-—-.-—-<—
816 4633 821 4637 .

265 4761 473 4829 ¹Fe'fharqcaaes]
492 4759 678 4826 Siiburgensea
689 4757 746 4810 MS.
761 4760 768 4825 Ι
840 4759 850 4787 ²
863 4754 992 4822 pomaria]
1010 4753 1127 4820 pomeria,
1139 4754 1197 4806 MS.
