<?xml version="1.0" encoding="UTF-8"?>
<!DOCTYPE html PUBLIC "-//W3C//DTD XHTML 1.0 Transitional//EN"
    "http://www.w3.org/TR/xhtml1/DTD/xhtml1-transitional.dtd">
<html xmlns="http://www.w3.org/1999/xhtml" xml:lang="en" lang="en">
 <head>
  <title>
</title>
<meta http-equiv="Content-Type" content="text/html;charset=utf-8" />
  <meta name='ocr-system' content='tesseract 3.04.00' />
  <meta name='ocr-capabilities' content='ocr_page ocr_carea ocr_par ocr_line ocrx_word'/>
</head>
<body>
  <div class='ocr_page' id='page_1' title='image "./speculumhistori00mayogoog_0346.png"; bbox 0 0 3567 5800; ppageno 0'>
   <div class='ocr_carea' id='block_1_1' title="bbox 419 873 1248 938">
    <p class='ocr_par' dir='ltr' id='par_1_1' title="bbox 419 873 1248 938">
     <span class='ocr_line' id='line_1_1' title="bbox 419 873 1248 938; baseline 0.002 -6"><span class='ocrx_word' id='word_1_1' title='bbox 419 884 468 933; x_wconf 82' lang='lat' dir='ltr'><strong>nn</strong></span> <span class='ocrx_word' id='word_1_2' title='bbox 488 885 607 936; x_wconf 77' lang='lat' dir='ltr'><strong>camus</strong></span> <span class='ocrx_word' id='word_1_3' title='bbox 628 886 750 938; x_wconf 81' lang='lat' dir='ltr'><strong>aranu</strong></span> <span class='ocrx_word' id='word_1_4' title='bbox 770 885 968 936; x_wconf 79' lang='lat' dir='ltr'><strong>suun—111.</strong></span> <span class='ocrx_word' id='word_1_5' title='bbox 993 873 1043 938; x_wconf 84' lang='lat'><strong>30.</strong></span> <span class='ocrx_word' id='word_1_6' title='bbox 1185 873 1248 936; x_wconf 85' lang='grc'><strong>163</strong></span> 
     </span>
    </p>
   </div>
   <div class='ocr_carea' id='block_1_2' title="bbox 201 1057 1412 5027">
    <p class='ocr_par' dir='ltr' id='par_1_2' title="bbox 203 1057 1249 1252">
     <span class='ocr_line' id='line_1_2' title="bbox 204 1057 1249 1147; baseline 0 -23"><span class='ocrx_word' id='word_1_7' title='bbox 204 1060 366 1142; x_wconf 85' lang='lat' dir='ltr'><strong>potentes,</strong></span> <span class='ocrx_word' id='word_1_8' title='bbox 401 1082 459 1127; x_wconf 88' lang='lat' dir='ltr'><strong>cur</strong></span> <span class='ocrx_word' id='word_1_9' title='bbox 489 1063 613 1129; x_wconf 89' lang='lat' dir='ltr'><strong>totiens</strong></span> <span class='ocrx_word' id='word_1_10' title='bbox 646 1063 682 1128; x_wconf 90' lang='lat' dir='ltr'><strong>in</strong></span> <span class='ocrx_word' id='word_1_11' title='bbox 714 1061 801 1128; x_wconf 87' lang='lat' dir='ltr'><strong>bello</strong></span> <span class='ocrx_word' id='word_1_12' title='bbox 834 1062 995 1126; x_wconf 85' lang='lat' dir='ltr'><strong>morimur</strong></span> <span class='ocrx_word' id='word_1_13' title='bbox 1026 1081 1086 1147; x_wconf 91' lang='lat' dir='ltr'><strong>pro</strong></span> <span class='ocrx_word' id='word_1_14' title='bbox 1116 1057 1249 1146; x_wconf 83' lang='lat' dir='ltr'><strong>regibus</strong></span> 
     </span>
     <span class='ocr_line' id='line_1_3' title="bbox 203 1161 1249 1252; baseline 0.003 -29"><span class='ocrx_word' id='word_1_15' title='bbox 203 1161 336 1243; x_wconf 90' lang='lat' dir='ltr'><strong>nostris,</strong></span> <span class='ocrx_word' id='word_1_16' title='bbox 359 1184 434 1228; x_wconf 89' lang='lat' dir='ltr'><strong>cum</strong></span> <span class='ocrx_word' id='word_1_17' title='bbox 466 1165 531 1252; x_wconf 92' lang='lat' dir='ltr'><strong>ipsi</strong></span> <span class='ocrx_word' id='word_1_18' title='bbox 563 1165 658 1232; x_wconf 90' lang='lat' dir='ltr'><strong>nobis</strong></span> <span class='ocrx_word' id='word_1_19' title='bbox 680 1164 896 1231; x_wconf 86' lang='lat' dir='ltr'><strong>morientibus</strong></span> <span class='ocrx_word' id='word_1_20' title='bbox 918 1185 978 1230; x_wconf 89' lang='lat' dir='ltr'><strong>neo</strong></span> <span class='ocrx_word' id='word_1_21' title='bbox 1003 1183 1142 1250; x_wconf 86' lang='lat' dir='ltr'><strong>regnum</strong></span> <span class='ocrx_word' id='word_1_22' title='bbox 1164 1161 1249 1248; x_wconf 89' lang='lat' dir='ltr'><strong>opti-</strong></span> 
     </span>
    </p>

    <p class='ocr_par' dir='ltr' id='par_1_3' title="bbox 201 1263 1378 1560">
     <span class='ocr_line' id='line_1_4' title="bbox 202 1263 1358 1352; baseline 0.002 -26"><span class='ocrx_word' id='word_1_23' title='bbox 202 1268 316 1344; x_wconf 87' lang='lat' dir='ltr'><strong>neant,</strong></span> <span class='ocrx_word' id='word_1_24' title='bbox 352 1287 413 1332; x_wconf 87' lang='lat' dir='ltr'><strong>nec</strong></span> <span class='ocrx_word' id='word_1_25' title='bbox 449 1267 600 1334; x_wconf 77' lang='lat' dir='ltr'><strong>avaritiae</strong></span> <span class='ocrx_word' id='word_1_26' title='bbox 637 1289 705 1334; x_wconf 74' lang='lat' dir='ltr'><strong>sure</strong></span> <span class='ocrx_word' id='word_1_27' title='bbox 741 1267 842 1332; x_wconf 83' lang='lat' dir='ltr'><strong>finem</strong></span> <span class='ocrx_word' id='word_1_28' title='bbox 877 1267 1074 1352; x_wconf 78' lang='lat' dir='ltr'><strong>imponenti</strong></span> <span class='ocrx_word' id='word_1_29' title='bbox 1141 1263 1249 1352; x_wconf 84' lang='lat' dir='ltr'><strong>Cupio</strong></span> <span class='ocrx_word' id='word_1_30' title='bbox 1260 1291 1358 1352; x_wconf 64' lang='lat' dir='ltr'><strong>Aina,</strong></span> 
     </span>
     <span class='ocr_line' id='line_1_5' title="bbox 201 1359 1378 1456; baseline 0.002 -26"><span class='ocrx_word' id='word_1_31' title='bbox 201 1364 316 1452; x_wconf 84' lang='lat' dir='ltr'><strong>igitur,</strong></span> <span class='ocrx_word' id='word_1_32' title='bbox 349 1391 369 1434; x_wconf 92' lang='lat' dir='ltr'><strong>o</strong></span> <span class='ocrx_word' id='word_1_33' title='bbox 405 1369 471 1436; x_wconf 83' lang='lat' dir='ltr'><strong>viri</strong></span> <span class='ocrx_word' id='word_1_34' title='bbox 507 1371 645 1448; x_wconf 87' lang='lat' dir='ltr'><strong>cordati,</strong></span> <span class='ocrx_word' id='word_1_35' title='bbox 677 1370 729 1436; x_wconf 92' lang='lat' dir='ltr'><strong>his</strong></span> <span class='ocrx_word' id='word_1_36' title='bbox 758 1368 911 1456; x_wconf 83' lang='lat' dir='ltr'><strong>periculis</strong></span> <span class='ocrx_word' id='word_1_37' title='bbox 944 1368 1067 1434; x_wconf 89' lang='lat' dir='ltr'><strong>nostris</strong></span> <span class='ocrx_word' id='word_1_38' title='bbox 1103 1366 1248 1454; x_wconf 71' lang='lat' dir='ltr'><strong>praebere</strong></span> <span class='ocrx_word' id='word_1_39' title='bbox 1260 1359 1306 1408; x_wconf 78' lang='lat'>⁰⁰¹·</span> <span class='ocrx_word' id='word_1_40' title='bbox 1319 1365 1378 1414; x_wconf 71' lang='lat'><strong>³⁶³·</strong></span> 
     </span>
     <span class='ocr_line' id='line_1_6' title="bbox 204 1469 1248 1560; baseline 0.004 -28"><span class='ocrx_word' id='word_1_41' title='bbox 204 1469 402 1552; x_wconf 89' lang='lat' dir='ltr'><strong>consultum,</strong></span> <span class='ocrx_word' id='word_1_42' title='bbox 425 1472 483 1558; x_wconf 89' lang='lat' dir='ltr'><strong>qui</strong></span> <span class='ocrx_word' id='word_1_43' title='bbox 514 1473 648 1559; x_wconf 90' lang='lat' dir='ltr'><strong>quidem</strong></span> <span class='ocrx_word' id='word_1_44' title='bbox 680 1472 843 1560; x_wconf 74' lang='lat' dir='ltr'><strong>sapientia</strong></span> <span class='ocrx_word' id='word_1_45' title='bbox 872 1471 982 1538; x_wconf 91' lang='lat' dir='ltr'><strong>minor</strong></span> <span class='ocrx_word' id='word_1_46' title='bbox 1014 1493 1095 1551; x_wconf 91' lang='lat' dir='ltr'><strong>sum,</strong></span> <span class='ocrx_word' id='word_1_47' title='bbox 1118 1470 1176 1536; x_wconf 90' lang='lat' dir='ltr'><strong>sed</strong></span> <span class='ocrx_word' id='word_1_48' title='bbox 1208 1476 1248 1536; x_wconf 88' lang='lat' dir='ltr'><strong>ut</strong></span> 
     </span>
    </p>

    <p class='ocr_par' dir='ltr' id='par_1_4' title="bbox 203 1568 1251 1660">
     <span class='ocr_line' id='line_1_7' title="bbox 203 1568 1251 1660; baseline 0 -24"><span class='ocrx_word' id='word_1_49' title='bbox 203 1568 258 1636; x_wconf 76' lang='lat' dir='ltr'><strong>hae</strong></span> <span class='ocrx_word' id='word_1_50' title='bbox 288 1593 380 1659; x_wconf 71' lang='lat' dir='ltr'><strong>ruga</strong></span> <span class='ocrx_word' id='word_1_51' title='bbox 410 1579 445 1640; x_wconf 92' lang='lat' dir='ltr'><strong>et</strong></span> <span class='ocrx_word' id='word_1_52' title='bbox 475 1575 512 1640; x_wconf 89' lang='lat' dir='ltr'><strong>hi</strong></span> <span class='ocrx_word' id='word_1_53' title='bbox 548 1575 622 1641; x_wconf 90' lang='lat' dir='ltr'><strong>cani</strong></span> <span class='ocrx_word' id='word_1_54' title='bbox 656 1579 829 1652; x_wconf 72' lang='lat' dir='ltr'><strong>testantur,</strong></span> <span class='ocrx_word' id='word_1_55' title='bbox 862 1579 962 1640; x_wconf 77' lang='lat' dir='ltr'><strong>aetate</strong></span> <span class='ocrx_word' id='word_1_56' title='bbox 993 1573 1148 1660; x_wconf 83' lang='lat' dir='ltr'><strong>superior.</strong></span> <span class='ocrx_word' id='word_1_57' title='bbox 1204 1571 1251 1637; x_wconf 83' lang='lat' dir='ltr'><strong>Et</strong></span> 
     </span>
    </p>

    <p class='ocr_par' dir='ltr' id='par_1_5' title="bbox 202 1671 1251 2070">
     <span class='ocr_line' id='line_1_8' title="bbox 202 1671 1251 1763; baseline 0.004 -27"><span class='ocrx_word' id='word_1_58' title='bbox 202 1671 290 1738; x_wconf 85' lang='lat' dir='ltr'><strong>forte</strong></span> <span class='ocrx_word' id='word_1_59' title='bbox 311 1675 400 1761; x_wconf 89' lang='lat' dir='ltr'><strong>quod</strong></span> <span class='ocrx_word' id='word_1_60' title='bbox 422 1677 591 1763; x_wconf 83' lang='lat' dir='ltr'><strong>ingenium</strong></span> <span class='ocrx_word' id='word_1_61' title='bbox 613 1698 682 1742; x_wconf 91' lang='lat' dir='ltr'><strong>non</strong></span> <span class='ocrx_word' id='word_1_62' title='bbox 702 1676 830 1753; x_wconf 84' lang='lat' dir='ltr'><strong>habuit,</strong></span> <span class='ocrx_word' id='word_1_63' title='bbox 847 1697 926 1742; x_wconf 90' lang='lat' dir='ltr'><strong>usus</strong></span> <span class='ocrx_word' id='word_1_64' title='bbox 949 1675 1083 1756; x_wconf 88' lang='lat' dir='ltr'><strong>docuit;</strong></span> <span class='ocrx_word' id='word_1_65' title='bbox 1105 1680 1140 1741; x_wconf 89' lang='lat' dir='ltr'><strong>et</strong></span> <span class='ocrx_word' id='word_1_66' title='bbox 1161 1674 1251 1762; x_wconf 91' lang='lat' dir='ltr'><strong>quod</strong></span> 
     </span>
     <span class='ocr_line' id='line_1_9' title="bbox 203 1777 1251 1866; baseline 0.002 -26"><span class='ocrx_word' id='word_1_67' title='bbox 203 1778 342 1862; x_wconf 85' lang='lat' dir='ltr'><strong>negavit</strong></span> <span class='ocrx_word' id='word_1_68' title='bbox 377 1779 523 1860; x_wconf 83' lang='lat' dir='ltr'><strong>scientia,</strong></span> <span class='ocrx_word' id='word_1_69' title='bbox 561 1780 704 1846; x_wconf 89' lang='lat' dir='ltr'><strong>contulit</strong></span> <span class='ocrx_word' id='word_1_70' title='bbox 741 1779 953 1866; x_wconf 84' lang='lat' dir='ltr'><strong>experientia</strong></span> <span class='ocrx_word' id='word_1_71' title='bbox 1021 1777 1128 1843; x_wconf 84' lang='lat' dir='ltr'><strong>Multa</strong></span> <span class='ocrx_word' id='word_1_72' title='bbox 1164 1782 1251 1842; x_wconf 83' lang='lat' dir='ltr'><strong>certe</strong></span> 
     </span>
     <span class='ocr_line' id='line_1_10' title="bbox 203 1877 1251 1968; baseline 0.001 -27"><span class='ocrx_word' id='word_1_73' title='bbox 203 1877 350 1944; x_wconf 87' lang='lat' dir='ltr'><strong>vidimus</strong></span> <span class='ocrx_word' id='word_1_74' title='bbox 371 1885 407 1945; x_wconf 90' lang='lat' dir='ltr'><strong>et</strong></span> <span class='ocrx_word' id='word_1_75' title='bbox 427 1883 664 1968; x_wconf 79' lang='lat' dir='ltr'><strong>cognovimus3</strong></span> <span class='ocrx_word' id='word_1_76' title='bbox 697 1882 806 1947; x_wconf 89' lang='lat' dir='ltr'><strong>multe</strong></span> <span class='ocrx_word' id='word_1_77' title='bbox 835 1881 970 1968; x_wconf 91' lang='lat' dir='ltr'><strong>insuper</strong></span> <span class='ocrx_word' id='word_1_78' title='bbox 1003 1885 1113 1967; x_wconf 90' lang='lat' dir='ltr'><strong>patres</strong></span> <span class='ocrx_word' id='word_1_79' title='bbox 1144 1878 1251 1945; x_wconf 90' lang='lat' dir='ltr'><strong>nostri</strong></span> 
     </span>
     <span class='ocr_line' id='line_1_11' title="bbox 204 1982 1250 2070; baseline 0.001 -24"><span class='ocrx_word' id='word_1_80' title='bbox 204 1988 425 2049; x_wconf 84' lang='lat' dir='ltr'><strong>narraverunt</strong></span> <span class='ocrx_word' id='word_1_81' title='bbox 445 1986 557 2066; x_wconf 74' lang='lat' dir='ltr'><strong>nobis,</strong></span> <span class='ocrx_word' id='word_1_82' title='bbox 578 1986 637 2050; x_wconf 92' lang='lat' dir='ltr'><strong>ubi</strong></span> <span class='ocrx_word' id='word_1_83' title='bbox 659 2005 726 2051; x_wconf 91' lang='lat' dir='ltr'><strong>non</strong></span> <span class='ocrx_word' id='word_1_84' title='bbox 748 1984 916 2048; x_wconf 87' lang='lat' dir='ltr'><strong>immerito</strong></span> <span class='ocrx_word' id='word_1_85' title='bbox 932 1982 1102 2070; x_wconf 80' lang='lat' dir='ltr'><strong>exigamus</strong></span> <span class='ocrx_word' id='word_1_86' title='bbox 1117 1982 1250 2048; x_wconf 88' lang='lat' dir='ltr'><strong>audien·</strong></span> 
     </span>
    </p>

    <p class='ocr_par' dir='ltr' id='par_1_6' title="bbox 203 2083 1252 2276">
     <span class='ocr_line' id='line_1_12' title="bbox 203 2083 1252 2175; baseline 0.002 -29"><span class='ocrx_word' id='word_1_87' title='bbox 203 2083 298 2164; x_wconf 86' lang='lat' dir='ltr'><strong>tiam,</strong></span> <span class='ocrx_word' id='word_1_88' title='bbox 320 2090 360 2149; x_wconf 93' lang='lat' dir='ltr'><strong>ut</strong></span> <span class='ocrx_word' id='word_1_89' title='bbox 394 2085 435 2151; x_wconf 90' lang='lat' dir='ltr'><strong>de</strong></span> <span class='ocrx_word' id='word_1_90' title='bbox 457 2089 556 2152; x_wconf 87' lang='lat' dir='ltr'><strong>certis</strong></span> <span class='ocrx_word' id='word_1_91' title='bbox 578 2091 612 2152; x_wconf 91' lang='lat' dir='ltr'><strong>et</strong></span> <span class='ocrx_word' id='word_1_92' title='bbox 646 2087 770 2175; x_wconf 89' lang='lat' dir='ltr'><strong>apertis</strong></span> <span class='ocrx_word' id='word_1_93' title='bbox 790 2108 859 2152; x_wconf 92' lang='lat' dir='ltr'><strong>non</strong></span> <span class='ocrx_word' id='word_1_94' title='bbox 882 2085 1017 2151; x_wconf 90' lang='lat' dir='ltr'><strong>dubiam</strong></span> <span class='ocrx_word' id='word_1_95' title='bbox 1048 2084 1252 2172; x_wconf 83' lang='lat' dir='ltr'><strong>proferamus</strong></span> 
     </span>
     <span class='ocr_line' id='line_1_13' title="bbox 203 2186 1250 2276; baseline 0 -25"><span class='ocrx_word' id='word_1_96' title='bbox 203 2188 413 2253; x_wconf 86' lang='lat' dir='ltr'><strong>sententiam</strong></span> <span class='ocrx_word' id='word_1_97' title='bbox 474 2189 659 2256; x_wconf 76' lang='lat' dir='ltr'><strong>Periculosa</strong></span> <span class='ocrx_word' id='word_1_98' title='bbox 695 2212 747 2255; x_wconf 92' lang='lat' dir='ltr'><strong>res</strong></span> <span class='ocrx_word' id='word_1_99' title='bbox 785 2189 907 2276; x_wconf 86' lang='lat' dir='ltr'><strong>agitur.</strong></span> <span class='ocrx_word' id='word_1_100' title='bbox 969 2186 1061 2252; x_wconf 86' lang='lat' dir='ltr'><strong>Male</strong></span> <span class='ocrx_word' id='word_1_101' title='bbox 1097 2187 1250 2274; x_wconf 87' lang='lat' dir='ltr'><strong>patimur,</strong></span> 
     </span>
    </p>

    <p class='ocr_par' dir='ltr' id='par_1_7' title="bbox 203 2289 1252 2380">
     <span class='ocr_line' id='line_1_14' title="bbox 203 2289 1252 2380; baseline -0.001 -27"><span class='ocrx_word' id='word_1_102' title='bbox 203 2289 317 2376; x_wconf 85' lang='lat' dir='ltr'><strong>peiora</strong></span> <span class='ocrx_word' id='word_1_103' title='bbox 339 2291 513 2372; x_wconf 86' lang='lat' dir='ltr'><strong>cernimus,</strong></span> <span class='ocrx_word' id='word_1_104' title='bbox 536 2293 677 2380; x_wconf 89' lang='lat' dir='ltr'><strong>pessima</strong></span> <span class='ocrx_word' id='word_1_105' title='bbox 698 2291 924 2356; x_wconf 82' lang='lat' dir='ltr'><strong>formidamus.</strong></span> <span class='ocrx_word' id='word_1_106' title='bbox 972 2289 1103 2356; x_wconf 77' lang='lat' dir='ltr'><strong>Cotidie</strong></span> <span class='ocrx_word' id='word_1_107' title='bbox 1126 2311 1252 2376; x_wconf 85' lang='lat' dir='ltr'><strong>pugna·</strong></span> 
     </span>
    </p>

    <p class='ocr_par' dir='ltr' id='par_1_8' title="bbox 202 2391 1252 2574">
     <span class='ocr_line' id='line_1_15' title="bbox 203 2391 1252 2477; baseline 0.002 -23"><span class='ocrx_word' id='word_1_108' title='bbox 203 2411 287 2470; x_wconf 90' lang='lat' dir='ltr'><strong>mus,</strong></span> <span class='ocrx_word' id='word_1_109' title='bbox 310 2413 371 2458; x_wconf 89' lang='lat' dir='ltr'><strong>nec</strong></span> <span class='ocrx_word' id='word_1_110' title='bbox 392 2394 554 2460; x_wconf 82' lang='lat' dir='ltr'><strong>vincimus</strong></span> <span class='ocrx_word' id='word_1_111' title='bbox 565 2421 574 2477; x_wconf 94' lang='lat'>;</span> <span class='ocrx_word' id='word_1_112' title='bbox 607 2395 664 2462; x_wconf 91' lang='lat' dir='ltr'><strong>sed</strong></span> <span class='ocrx_word' id='word_1_113' title='bbox 687 2415 747 2460; x_wconf 86' lang='lat' dir='ltr'><strong>nec</strong></span> <span class='ocrx_word' id='word_1_114' title='bbox 768 2392 935 2458; x_wconf 88' lang='lat' dir='ltr'><strong>vincimur</strong></span> <span class='ocrx_word' id='word_1_115' title='bbox 962 2391 1118 2477; x_wconf 87' lang='lat' dir='ltr'><strong>quidem:</strong></span> <span class='ocrx_word' id='word_1_116' title='bbox 1149 2392 1252 2456; x_wconf 90' lang='lat' dir='ltr'><strong>immo</strong></span> 
     </span>
     <span class='ocr_line' id='line_1_16' title="bbox 202 2493 1251 2574; baseline 0 -16"><span class='ocrx_word' id='word_1_117' title='bbox 202 2493 377 2572; x_wconf 82' lang='lat' dir='ltr'><strong>vincimur,</strong></span> <span class='ocrx_word' id='word_1_118' title='bbox 412 2502 447 2562; x_wconf 90' lang='lat' dir='ltr'><strong>et</strong></span> <span class='ocrx_word' id='word_1_119' title='bbox 483 2518 579 2563; x_wconf 91' lang='lat' dir='ltr'><strong>nemo</strong></span> <span class='ocrx_word' id='word_1_120' title='bbox 609 2497 723 2562; x_wconf 81' lang='lat' dir='ltr'><strong>vincit</strong></span> <span class='ocrx_word' id='word_1_121' title='bbox 771 2495 943 2574; x_wconf 78' lang='lat' dir='ltr'><strong>Quomodo</strong></span> <span class='ocrx_word' id='word_1_122' title='bbox 980 2515 1048 2560; x_wconf 90' lang='lat' dir='ltr'><strong>non</strong></span> <span class='ocrx_word' id='word_1_123' title='bbox 1079 2493 1251 2570; x_wconf 80' lang='lat' dir='ltr'><strong>vincimur,</strong></span> 
     </span>
    </p>

    <p class='ocr_par' dir='ltr' id='par_1_9' title="bbox 203 2595 1254 2788">
     <span class='ocr_line' id='line_1_17' title="bbox 203 2595 1254 2687; baseline 0.001 -28"><span class='ocrx_word' id='word_1_124' title='bbox 203 2595 262 2680; x_wconf 92' lang='lat' dir='ltr'><strong>qui</strong></span> <span class='ocrx_word' id='word_1_125' title='bbox 296 2597 474 2676; x_wconf 89' lang='lat' dir='ltr'><strong>vulnerati,</strong></span> <span class='ocrx_word' id='word_1_126' title='bbox 497 2599 555 2684; x_wconf 92' lang='lat' dir='ltr'><strong>qui</strong></span> <span class='ocrx_word' id='word_1_127' title='bbox 588 2599 742 2687; x_wconf 88' lang='lat' dir='ltr'><strong>oppressi,</strong></span> <span class='ocrx_word' id='word_1_128' title='bbox 770 2598 828 2684; x_wconf 90' lang='lat' dir='ltr'><strong>qui</strong></span> <span class='ocrx_word' id='word_1_129' title='bbox 861 2597 1003 2684; x_wconf 83' lang='lat' dir='ltr'><strong>fatigati,</strong></span> <span class='ocrx_word' id='word_1_130' title='bbox 1036 2595 1094 2682; x_wconf 91' lang='lat' dir='ltr'><strong>qui</strong></span> <span class='ocrx_word' id='word_1_131' title='bbox 1126 2595 1254 2660; x_wconf 84' lang='lat' dir='ltr'><strong>viribus</strong></span> 
     </span>
     <span class='ocr_line' id='line_1_18' title="bbox 203 2697 1253 2788; baseline -0.001 -25"><span class='ocrx_word' id='word_1_132' title='bbox 203 2697 368 2776; x_wconf 88' lang='lat' dir='ltr'><strong>destituti,</strong></span> <span class='ocrx_word' id='word_1_133' title='bbox 391 2701 451 2786; x_wconf 90' lang='lat' dir='ltr'><strong>qui</strong></span> <span class='ocrx_word' id='word_1_134' title='bbox 472 2702 573 2767; x_wconf 90' lang='lat' dir='ltr'><strong>armis</strong></span> <span class='ocrx_word' id='word_1_135' title='bbox 595 2701 737 2788; x_wconf 88' lang='lat' dir='ltr'><strong>spoliati,</strong></span> <span class='ocrx_word' id='word_1_136' title='bbox 761 2721 820 2766; x_wconf 87' lang='lat' dir='ltr'><strong>nec</strong></span> <span class='ocrx_word' id='word_1_137' title='bbox 845 2700 1000 2787; x_wconf 86' lang='lat' dir='ltr'><strong>fugimus,</strong></span> <span class='ocrx_word' id='word_1_138' title='bbox 1024 2719 1098 2764; x_wconf 90' lang='lat' dir='ltr'><strong>cum</strong></span> <span class='ocrx_word' id='word_1_139' title='bbox 1120 2698 1253 2764; x_wconf 89' lang='lat' dir='ltr'><strong>nonsit</strong></span> 
     </span>
    </p>

    <p class='ocr_par' dir='ltr' id='par_1_10' title="bbox 205 2799 1255 2994">
     <span class='ocr_line' id='line_1_19' title="bbox 205 2799 1254 2890; baseline -0.001 -25"><span class='ocrx_word' id='word_1_140' title='bbox 205 2800 263 2886; x_wconf 90' lang='lat' dir='ltr'><strong>qui</strong></span> <span class='ocrx_word' id='word_1_141' title='bbox 300 2801 440 2890; x_wconf 90' lang='lat' dir='ltr'><strong>impetat</strong></span> <span class='ocrx_word' id='word_1_142' title='bbox 451 2828 461 2885; x_wconf 93' lang='lat'>;</span> <span class='ocrx_word' id='word_1_143' title='bbox 497 2825 558 2869; x_wconf 88' lang='lat' dir='ltr'><strong>nec</strong></span> <span class='ocrx_word' id='word_1_144' title='bbox 595 2804 794 2890; x_wconf 84' lang='lat' dir='ltr'><strong>impetimus,</strong></span> <span class='ocrx_word' id='word_1_145' title='bbox 827 2823 903 2866; x_wconf 92' lang='lat' dir='ltr'><strong>cum</strong></span> <span class='ocrx_word' id='word_1_146' title='bbox 939 2801 1107 2887; x_wconf 83' lang='lat' dir='ltr'><strong>utrimque</strong></span> <span class='ocrx_word' id='word_1_147' title='bbox 1145 2799 1254 2864; x_wconf 87' lang='lat' dir='ltr'><strong>virtus</strong></span> 
     </span>
     <span class='ocr_line' id='line_1_20' title="bbox 205 2902 1255 2994; baseline -0.004 -23"><span class='ocrx_word' id='word_1_148' title='bbox 205 2903 360 2971; x_wconf 67' lang='lat' dir='ltr'><strong>deficiat?</strong></span> <span class='ocrx_word' id='word_1_149' title='bbox 393 2905 509 2993; x_wconf 90' lang='lat' dir='ltr'><strong>Usque</strong></span> <span class='ocrx_word' id='word_1_150' title='bbox 531 2929 596 2994; x_wconf 93' lang='lat' dir='ltr'><strong>quo</strong></span> <span class='ocrx_word' id='word_1_151' title='bbox 618 2908 694 2972; x_wconf 87' lang='lat' dir='ltr'><strong>finis</strong></span> <span class='ocrx_word' id='word_1_152' title='bbox 716 2907 835 2973; x_wconf 90' lang='lat' dir='ltr'><strong>horum</strong></span> <span class='ocrx_word' id='word_1_153' title='bbox 857 2904 1083 2970; x_wconf 70' lang='lat' dir='ltr'><strong>mirabilium?</strong></span> <span class='ocrx_word' id='word_1_154' title='bbox 1115 2902 1255 2985; x_wconf 81' lang='lat' dir='ltr'><strong>Quando</strong></span> 
     </span>
    </p>

    <p class='ocr_par' dir='ltr' id='par_1_11' title="bbox 205 3004 1253 3096">
     <span class='ocr_line' id='line_1_21' title="bbox 205 3004 1253 3096; baseline -0.002 -24"><span class='ocrx_word' id='word_1_155' title='bbox 205 3006 248 3072; x_wconf 87' lang='lat' dir='ltr'><strong>ab</strong></span> <span class='ocrx_word' id='word_1_156' title='bbox 269 3006 333 3073; x_wconf 89' lang='lat' dir='ltr'><strong>hoc</strong></span> <span class='ocrx_word' id='word_1_157' title='bbox 354 3007 465 3074; x_wconf 85' lang='lat' dir='ltr'><strong>labore</strong></span> <span class='ocrx_word' id='word_1_158' title='bbox 486 3011 625 3096; x_wconf 88' lang='lat' dir='ltr'><strong>requies,</strong></span> <span class='ocrx_word' id='word_1_159' title='bbox 648 3009 692 3075; x_wconf 90' lang='lat' dir='ltr'><strong>ab</strong></span> <span class='ocrx_word' id='word_1_160' title='bbox 713 3010 774 3075; x_wconf 90' lang='lat' dir='ltr'><strong>hac</strong></span> <span class='ocrx_word' id='word_1_161' title='bbox 796 3010 994 3094; x_wconf 84' lang='lat' dir='ltr'><strong>tempestate</strong></span> <span class='ocrx_word' id='word_1_162' title='bbox 1020 3004 1253 3092; x_wconf 82' lang='lat' dir='ltr'><strong>tranquillitas,</strong></span> 
     </span>
    </p>

    <p class='ocr_par' dir='ltr' id='par_1_12' title="bbox 206 3108 1256 3293">
     <span class='ocr_line' id='line_1_22' title="bbox 207 3108 1256 3177; baseline -0.002 -4"><span class='ocrx_word' id='word_1_163' title='bbox 207 3108 249 3173; x_wconf 89' lang='lat' dir='ltr'><strong>ab</strong></span> <span class='ocrx_word' id='word_1_164' title='bbox 294 3109 357 3175; x_wconf 90' lang='lat' dir='ltr'><strong>hoc</strong></span> <span class='ocrx_word' id='word_1_165' title='bbox 404 3110 524 3177; x_wconf 91' lang='lat' dir='ltr'><strong>timore</strong></span> <span class='ocrx_word' id='word_1_166' title='bbox 568 3112 752 3177; x_wconf 69' lang='lat' dir='ltr'><strong>securitas?</strong></span> <span class='ocrx_word' id='word_1_167' title='bbox 818 3108 1029 3175; x_wconf 77' lang='lat' dir='ltr'><strong>invincibilis</strong></span> <span class='ocrx_word' id='word_1_168' title='bbox 1073 3112 1124 3173; x_wconf 87' lang='lat' dir='ltr'><strong>est</strong></span> <span class='ocrx_word' id='word_1_169' title='bbox 1169 3112 1256 3173; x_wconf 85' lang='lat' dir='ltr'><strong>certe</strong></span> 
     </span>
     <span class='ocr_line' id='line_1_23' title="bbox 206 3208 1256 3293; baseline -0.002 -18"><span class='ocrx_word' id='word_1_170' title='bbox 206 3210 402 3279; x_wconf 85' lang='lat' dir='ltr'><strong>Edmundus</strong></span> <span class='ocrx_word' id='word_1_171' title='bbox 423 3214 466 3279; x_wconf 90' lang='lat' dir='ltr'><strong>ob</strong></span> <span class='ocrx_word' id='word_1_172' title='bbox 488 3214 674 3280; x_wconf 88' lang='lat' dir='ltr'><strong>mirabilem</strong></span> <span class='ocrx_word' id='word_1_173' title='bbox 688 3216 758 3280; x_wconf 91' lang='lat' dir='ltr'><strong>eius</strong></span> <span class='ocrx_word' id='word_1_174' title='bbox 780 3212 1031 3293; x_wconf 68' lang='lat' dir='ltr'><strong>fortitudinem</strong></span> <span class='ocrx_word' id='word_1_175' title='bbox 1054 3208 1256 3275; x_wconf 86' lang='lat' dir='ltr'><strong>invincibilis</strong></span> 
     </span>
    </p>

    <p class='ocr_par' dir='ltr' id='par_1_13' title="bbox 207 3311 1258 3404">
     <span class='ocr_line' id='line_1_24' title="bbox 207 3311 1258 3404; baseline -0.004 -25"><span class='ocrx_word' id='word_1_176' title='bbox 207 3318 256 3379; x_wconf 88' lang='lat' dir='ltr'><strong>est</strong></span> <span class='ocrx_word' id='word_1_177' title='bbox 288 3319 324 3379; x_wconf 89' lang='lat' dir='ltr'><strong>et</strong></span> <span class='ocrx_word' id='word_1_178' title='bbox 346 3314 458 3381; x_wconf 81' lang='lat' dir='ltr'><strong>Onuto</strong></span> <span class='ocrx_word' id='word_1_179' title='bbox 488 3322 622 3404; x_wconf 88' lang='lat' dir='ltr'><strong>propter</strong></span> <span class='ocrx_word' id='word_1_180' title='bbox 652 3316 794 3382; x_wconf 77' lang='lat' dir='ltr'><strong>fortunae</strong></span> <span class='ocrx_word' id='word_1_181' title='bbox 824 3314 979 3380; x_wconf 86' lang='lat' dir='ltr'><strong>favorem.</strong></span> <span class='ocrx_word' id='word_1_182' title='bbox 1025 3312 1096 3377; x_wconf 87' lang='lat' dir='ltr'><strong>Nos</strong></span> <span class='ocrx_word' id='word_1_183' title='bbox 1118 3311 1258 3377; x_wconf 91' lang='lat' dir='ltr'><strong>conteri·</strong></span> 
     </span>
    </p>

    <p class='ocr_par' dir='ltr' id='par_1_14' title="bbox 207 3412 1257 3505">
     <span class='ocr_line' id='line_1_25' title="bbox 207 3412 1257 3505; baseline -0.003 -26"><span class='ocrx_word' id='word_1_184' title='bbox 207 3436 290 3493; x_wconf 92' lang='lat' dir='ltr'><strong>mur,</strong></span> <span class='ocrx_word' id='word_1_185' title='bbox 312 3438 373 3482; x_wconf 90' lang='lat' dir='ltr'><strong>nos</strong></span> <span class='ocrx_word' id='word_1_186' title='bbox 394 3418 593 3505; x_wconf 87' lang='lat' dir='ltr'><strong>iugulamur,</strong></span> <span class='ocrx_word' id='word_1_187' title='bbox 616 3442 677 3486; x_wconf 90' lang='lat' dir='ltr'><strong>nos</strong></span> <span class='ocrx_word' id='word_1_188' title='bbox 699 3418 904 3504; x_wconf 88' lang='lat' dir='ltr'><strong>dissipamur,</strong></span> <span class='ocrx_word' id='word_1_189' title='bbox 919 3437 980 3481; x_wconf 87' lang='lat' dir='ltr'><strong>nos</strong></span> <span class='ocrx_word' id='word_1_190' title='bbox 1002 3414 1111 3480; x_wconf 86' lang='lat' dir='ltr'><strong>dulcia</strong></span> <span class='ocrx_word' id='word_1_191' title='bbox 1132 3412 1257 3477; x_wconf 91' lang='lat' dir='ltr'><strong>amitti-</strong></span> 
     </span>
    </p>

    <p class='ocr_par' dir='ltr' id='par_1_15' title="bbox 207 3516 1256 3607">
     <span class='ocr_line' id='line_1_26' title="bbox 207 3516 1256 3607; baseline -0.001 -26"><span class='ocrx_word' id='word_1_192' title='bbox 207 3538 281 3582; x_wconf 86' lang='lat' dir='ltr'><strong>mus</strong></span> <span class='ocrx_word' id='word_1_193' title='bbox 303 3518 450 3607; x_wconf 84' lang='lat' dir='ltr'><strong>pignora,</strong></span> <span class='ocrx_word' id='word_1_194' title='bbox 474 3542 534 3586; x_wconf 92' lang='lat' dir='ltr'><strong>nos</strong></span> <span class='ocrx_word' id='word_1_195' title='bbox 555 3544 673 3587; x_wconf 88' lang='lat' dir='ltr'><strong>suaves</strong></span> <span class='ocrx_word' id='word_1_196' title='bbox 695 3521 906 3585; x_wconf 84' lang='lat' dir='ltr'><strong>necessitates</strong></span> <span class='ocrx_word' id='word_1_197' title='bbox 929 3517 1029 3583; x_wconf 90' lang='lat' dir='ltr'><strong>morti</strong></span> <span class='ocrx_word' id='word_1_198' title='bbox 1051 3516 1256 3603; x_wconf 85' lang='lat' dir='ltr'><strong>exponimus.</strong></span> 
     </span>
    </p>

    <p class='ocr_par' dir='ltr' id='par_1_16' title="bbox 207 3618 1254 3709">
     <span class='ocr_line' id='line_1_27' title="bbox 207 3618 1254 3709; baseline -0.002 -25"><span class='ocrx_word' id='word_1_199' title='bbox 207 3620 258 3684; x_wconf 88' lang='lat' dir='ltr'><strong>At</strong></span> <span class='ocrx_word' id='word_1_200' title='bbox 279 3620 379 3685; x_wconf 91' lang='lat' dir='ltr'><strong>huius</strong></span> <span class='ocrx_word' id='word_1_201' title='bbox 400 3622 522 3688; x_wconf 87' lang='lat' dir='ltr'><strong>laboris</strong></span> <span class='ocrx_word' id='word_1_202' title='bbox 545 3624 618 3709; x_wconf 92' lang='lat' dir='ltr'><strong>quis</strong></span> <span class='ocrx_word' id='word_1_203' title='bbox 639 3622 775 3701; x_wconf 86' lang='lat' dir='ltr'><strong>fructus,</strong></span> <span class='ocrx_word' id='word_1_204' title='bbox 791 3621 866 3709; x_wconf 88' lang='lat' dir='ltr'><strong>quis</strong></span> <span class='ocrx_word' id='word_1_205' title='bbox 889 3619 975 3701; x_wconf 89' lang='lat' dir='ltr'><strong>finis,</strong></span> <span class='ocrx_word' id='word_1_206' title='bbox 991 3618 1079 3705; x_wconf 89' lang='lat' dir='ltr'><strong>quod</strong></span> <span class='ocrx_word' id='word_1_207' title='bbox 1101 3618 1254 3707; x_wconf 89' lang='lat' dir='ltr'><strong>pretium,</strong></span> 
     </span>
    </p>

    <p class='ocr_par' dir='ltr' id='par_1_17' title="bbox 207 3720 1412 4945">
     <span class='ocr_line' id='line_1_28' title="bbox 208 3720 1255 3812; baseline -0.001 -24"><span class='ocrx_word' id='word_1_208' title='bbox 208 3722 297 3809; x_wconf 88' lang='lat' dir='ltr'><strong>quod</strong></span> <span class='ocrx_word' id='word_1_209' title='bbox 334 3725 617 3794; x_wconf 83' lang='lat' dir='ltr'><strong>emolumentumi</strong></span> <span class='ocrx_word' id='word_1_210' title='bbox 684 3725 788 3807; x_wconf 90' lang='lat' dir='ltr'><strong>Quod,</strong></span> <span class='ocrx_word' id='word_1_211' title='bbox 828 3744 947 3812; x_wconf 79' lang='lat' dir='ltr'><strong>quaeso,</strong></span> <span class='ocrx_word' id='word_1_212' title='bbox 985 3722 1051 3787; x_wconf 87' lang='lat' dir='ltr'><strong>nisi</strong></span> <span class='ocrx_word' id='word_1_213' title='bbox 1088 3726 1128 3787; x_wconf 90' lang='lat' dir='ltr'><strong>ut</strong></span> <span class='ocrx_word' id='word_1_214' title='bbox 1165 3720 1255 3789; x_wconf 77' lang='lat' dir='ltr'><strong>caesis</strong></span> 
     </span>
     <span class='ocr_line' id='line_1_29' title="bbox 207 3826 1374 3915; baseline 0.008 -26"><span class='ocrx_word' id='word_1_215' title='bbox 207 3826 375 3912; x_wconf 87' lang='lat' dir='ltr'><strong>utrimque</strong></span> <span class='ocrx_word' id='word_1_216' title='bbox 411 3827 575 3893; x_wconf 86' lang='lat' dir='ltr'><strong>militibus</strong></span> <span class='ocrx_word' id='word_1_217' title='bbox 612 3828 710 3893; x_wconf 90' lang='lat' dir='ltr'><strong>duces</strong></span> <span class='ocrx_word' id='word_1_218' title='bbox 746 3827 906 3915; x_wconf 90' lang='lat' dir='ltr'><strong>compulsi</strong></span> <span class='ocrx_word' id='word_1_219' title='bbox 943 3826 1136 3893; x_wconf 81' lang='lat' dir='ltr'><strong>necessitate</strong></span> <span class='ocrx_word' id='word_1_220' title='bbox 1168 3847 1253 3891; x_wconf 87' lang='lat' dir='ltr'><strong>com-</strong></span> <span class='ocrx_word' id='word_1_221' title='bbox 1266 3846 1374 3911; x_wconf 73' lang='lat' dir='ltr'><strong>Repro-</strong></span> 
     </span>
     <span class='ocr_line' id='line_1_30' title="bbox 207 3928 1377 4030; baseline 0.001 -37"><span class='ocrx_word' id='word_1_222' title='bbox 207 3936 344 4016; x_wconf 82' lang='lat' dir='ltr'><strong>ponant,</strong></span> <span class='ocrx_word' id='word_1_223' title='bbox 376 3931 431 3995; x_wconf 90' lang='lat' dir='ltr'><strong>vel</strong></span> <span class='ocrx_word' id='word_1_224' title='bbox 463 3941 551 3997; x_wconf 89' lang='lat' dir='ltr'><strong>certe</strong></span> <span class='ocrx_word' id='word_1_225' title='bbox 582 3932 644 3997; x_wconf 91' lang='lat' dir='ltr'><strong>soli</strong></span> <span class='ocrx_word' id='word_1_226' title='bbox 676 3930 746 3996; x_wconf 89' lang='lat' dir='ltr'><strong>sine</strong></span> <span class='ocrx_word' id='word_1_227' title='bbox 778 3931 886 3997; x_wconf 92' lang='lat' dir='ltr'><strong>milite</strong></span> <span class='ocrx_word' id='word_1_228' title='bbox 917 3934 1090 4017; x_wconf 76' lang='lat' dir='ltr'><strong>pugnanti</strong></span> <span class='ocrx_word' id='word_1_229' title='bbox 1145 3928 1254 4010; x_wconf 80' lang='lat' dir='ltr'><strong>Quare</strong></span> <span class='ocrx_word' id='word_1_230' title='bbox 1266 3928 1377 4030; x_wconf 34' lang='lat' dir='ltr'><strong>{me</strong></span> 
     </span>
     <span class='ocr_line' id='line_1_31' title="bbox 208 4031 1400 4125; baseline -0.001 -29"><span class='ocrx_word' id='word_1_231' title='bbox 208 4054 277 4097; x_wconf 90' lang='lat' dir='ltr'><strong>non</strong></span> <span class='ocrx_word' id='word_1_232' title='bbox 309 4033 429 4099; x_wconf 71' lang='lat' dir='ltr'><strong>modo?</strong></span> <span class='ocrx_word' id='word_1_233' title='bbox 459 4040 546 4100; x_wconf 85' lang='lat' dir='ltr'><strong>certe</strong></span> <span class='ocrx_word' id='word_1_234' title='bbox 579 4033 659 4100; x_wconf 91' lang='lat' dir='ltr'><strong>dum</strong></span> <span class='ocrx_word' id='word_1_235' title='bbox 689 4034 843 4113; x_wconf 85' lang='lat' dir='ltr'><strong>vivimus,</strong></span> <span class='ocrx_word' id='word_1_236' title='bbox 866 4033 948 4099; x_wconf 90' lang='lat' dir='ltr'><strong>dum</strong></span> <span class='ocrx_word' id='word_1_237' title='bbox 978 4033 1145 4119; x_wconf 90' lang='lat' dir='ltr'><strong>spiramus,</strong></span> <span class='ocrx_word' id='word_1_238' title='bbox 1175 4031 1254 4098; x_wconf 89' lang='lat' dir='ltr'><strong>dum</strong></span> <span class='ocrx_word' id='word_1_239' title='bbox 1267 4046 1400 4125; x_wconf 28' lang='lat' dir='ltr'><strong>tweenutue</strong></span> 
     </span>
     <span class='ocr_line' id='line_1_32' title="bbox 208 4114 1412 4225; baseline -0.002 -24"><span class='ocrx_word' id='word_1_240' title='bbox 208 4140 358 4223; x_wconf 90' lang='lat' dir='ltr'><strong>superest</strong></span> <span class='ocrx_word' id='word_1_241' title='bbox 380 4138 553 4215; x_wconf 82' lang='lat' dir='ltr'><strong>exercitus,</strong></span> <span class='ocrx_word' id='word_1_242' title='bbox 575 4138 612 4203; x_wconf 92' lang='lat' dir='ltr'><strong>id</strong></span> <span class='ocrx_word' id='word_1_243' title='bbox 634 4142 788 4225; x_wconf 86' lang='lat' dir='ltr'><strong>ageretur</strong></span> <span class='ocrx_word' id='word_1_244' title='bbox 814 4136 941 4216; x_wconf 88' lang='lat' dir='ltr'><strong>utilius,</strong></span> <span class='ocrx_word' id='word_1_245' title='bbox 964 4135 1116 4216; x_wconf 87' lang='lat' dir='ltr'><strong>securius,</strong></span> <span class='ocrx_word' id='word_1_246' title='bbox 1139 4132 1255 4199; x_wconf 89' lang='lat' dir='ltr'><strong>hones-</strong></span> <span class='ocrx_word' id='word_1_247' title='bbox 1268 4114 1412 4177; x_wconf 56' lang='lat' dir='ltr'><strong>‘&#39;mm&#39;&#39;</strong></span> 
     </span>
     <span class='ocr_line' id='line_1_33' title="bbox 209 4237 1257 4328; baseline 0 -25"><span class='ocrx_word' id='word_1_248' title='bbox 209 4239 286 4304; x_wconf 87' lang='lat' dir='ltr'><strong>tius</strong></span> <span class='ocrx_word' id='word_1_249' title='bbox 345 4240 437 4327; x_wconf 87' lang='lat' dir='ltr'><strong>Rogo</strong></span> <span class='ocrx_word' id='word_1_250' title='bbox 462 4264 536 4328; x_wconf 86' lang='lat' dir='ltr'><strong>quae</strong></span> <span class='ocrx_word' id='word_1_251' title='bbox 570 4247 621 4307; x_wconf 92' lang='lat' dir='ltr'><strong>est</strong></span> <span class='ocrx_word' id='word_1_252' title='bbox 650 4242 716 4307; x_wconf 86' lang='lat' dir='ltr'><strong>ista</strong></span> <span class='ocrx_word' id='word_1_253' title='bbox 740 4239 927 4317; x_wconf 89' lang='lat' dir='ltr'><strong>insolentia,</strong></span> <span class='ocrx_word' id='word_1_254' title='bbox 954 4237 1056 4302; x_wconf 93' lang='lat' dir='ltr'><strong>immo</strong></span> <span class='ocrx_word' id='word_1_255' title='bbox 1086 4237 1257 4317; x_wconf 83' lang='lat' dir='ltr'><strong>violentia,</strong></span> 
     </span>
     <span class='ocr_line' id='line_1_34' title="bbox 209 4340 1257 4431; baseline -0.002 -24"><span class='ocrx_word' id='word_1_256' title='bbox 209 4340 311 4407; x_wconf 91' lang='lat' dir='ltr'><strong>immo</strong></span> <span class='ocrx_word' id='word_1_257' title='bbox 334 4343 487 4409; x_wconf 79' lang='lat' dir='ltr'><strong>insaniat</strong></span> <span class='ocrx_word' id='word_1_258' title='bbox 532 4344 656 4431; x_wconf 78' lang='lat' dir='ltr'><strong>Anglia</strong></span> <span class='ocrx_word' id='word_1_259' title='bbox 678 4342 845 4430; x_wconf 88' lang='lat' dir='ltr'><strong>quondam</strong></span> <span class='ocrx_word' id='word_1_260' title='bbox 867 4340 984 4406; x_wconf 89' lang='lat' dir='ltr'><strong>multis</strong></span> <span class='ocrx_word' id='word_1_261' title='bbox 1006 4340 1152 4407; x_wconf 83' lang='lat' dir='ltr'><strong>subiecta</strong></span> <span class='ocrx_word' id='word_1_262' title='bbox 1173 4342 1257 4427; x_wconf 87' lang='lat' dir='ltr'><strong>regi-</strong></span> 
     </span>
     <span class='ocr_line' id='line_1_35' title="bbox 209 4441 1259 4532; baseline -0.002 -23"><span class='ocrx_word' id='word_1_263' title='bbox 209 4442 279 4522; x_wconf 88' lang='lat' dir='ltr'><strong>bus,</strong></span> <span class='ocrx_word' id='word_1_264' title='bbox 303 4448 338 4509; x_wconf 89' lang='lat' dir='ltr'><strong>et</strong></span> <span class='ocrx_word' id='word_1_265' title='bbox 359 4444 466 4532; x_wconf 83' lang='lat' dir='ltr'><strong>gloria</strong></span> <span class='ocrx_word' id='word_1_266' title='bbox 487 4446 609 4525; x_wconf 80' lang='lat' dir='ltr'><strong>floruit</strong></span> <span class='ocrx_word' id='word_1_267' title='bbox 628 4451 664 4511; x_wconf 92' lang='lat' dir='ltr'><strong>et</strong></span> <span class='ocrx_word' id='word_1_268' title='bbox 685 4444 815 4511; x_wconf 85' lang='lat' dir='ltr'><strong>divitiis</strong></span> <span class='ocrx_word' id='word_1_269' title='bbox 837 4443 1029 4510; x_wconf 85' lang='lat' dir='ltr'><strong>abundavit</strong></span> <span class='ocrx_word' id='word_1_270' title='bbox 1076 4441 1259 4509; x_wconf 88' lang='lat' dir='ltr'><strong>Oambitio</strong></span> 
     </span>
     <span class='ocr_line' id='line_1_36' title="bbox 210 4545 1259 4635; baseline 0 -23"><span class='ocrx_word' id='word_1_271' title='bbox 210 4568 310 4632; x_wconf 86' lang='lat' dir='ltr'><strong>quam</strong></span> <span class='ocrx_word' id='word_1_272' title='bbox 324 4568 452 4635; x_wconf 90' lang='lat' dir='ltr'><strong>semper</strong></span> <span class='ocrx_word' id='word_1_273' title='bbox 470 4546 575 4615; x_wconf 73' lang='lat' dir='ltr'><strong>caecat</strong></span> <span class='ocrx_word' id='word_1_274' title='bbox 598 4570 673 4634; x_wconf 74' lang='lat' dir='ltr'><strong>quse</strong></span> <span class='ocrx_word' id='word_1_275' title='bbox 694 4552 806 4613; x_wconf 90' lang='lat' dir='ltr'><strong>totum</strong></span> <span class='ocrx_word' id='word_1_276' title='bbox 828 4547 973 4634; x_wconf 90' lang='lat' dir='ltr'><strong>cupiens,</strong></span> <span class='ocrx_word' id='word_1_277' title='bbox 989 4550 1099 4611; x_wconf 87' lang='lat' dir='ltr'><strong>toturn</strong></span> <span class='ocrx_word' id='word_1_278' title='bbox 1122 4545 1259 4612; x_wconf 83' lang='lat' dir='ltr'><strong>amittit.</strong></span> 
     </span>
     <span class='ocr_line' id='line_1_37' title="bbox 211 4648 1259 4737; baseline 0 -23"><span class='ocrx_word' id='word_1_279' title='bbox 211 4648 321 4728; x_wconf 87' lang='lat' dir='ltr'><strong>Quare</strong></span> <span class='ocrx_word' id='word_1_280' title='bbox 343 4671 422 4737; x_wconf 85' lang='lat' dir='ltr'><strong>ergo</strong></span> <span class='ocrx_word' id='word_1_281' title='bbox 445 4649 573 4737; x_wconf 85' lang='lat' dir='ltr'><strong>Anglia</strong></span> <span class='ocrx_word' id='word_1_282' title='bbox 593 4672 661 4716; x_wconf 91' lang='lat' dir='ltr'><strong>non</strong></span> <span class='ocrx_word' id='word_1_283' title='bbox 692 4649 813 4717; x_wconf 88' lang='lat' dir='ltr'><strong>sufficit</strong></span> <span class='ocrx_word' id='word_1_284' title='bbox 838 4650 936 4714; x_wconf 91' lang='lat' dir='ltr'><strong>modo</strong></span> <span class='ocrx_word' id='word_1_285' title='bbox 970 4648 1098 4714; x_wconf 87' lang='lat' dir='ltr'><strong>duobus</strong></span> <span class='ocrx_word' id='word_1_286' title='bbox 1121 4650 1259 4735; x_wconf 86' lang='lat' dir='ltr'><strong>regibus,</strong></span> 
     </span>
     <span class='ocr_line' id='line_1_38' title="bbox 210 4755 1262 4844; baseline 0 -23"><span class='ocrx_word' id='word_1_287' title='bbox 210 4776 284 4841; x_wconf 77' lang='lat' dir='ltr'><strong>quse</strong></span> <span class='ocrx_word' id='word_1_288' title='bbox 306 4756 387 4821; x_wconf 91' lang='lat' dir='ltr'><strong>olim</strong></span> <span class='ocrx_word' id='word_1_289' title='bbox 409 4761 483 4822; x_wconf 90' lang='lat' dir='ltr'><strong>octo</strong></span> <span class='ocrx_word' id='word_1_290' title='bbox 505 4757 640 4844; x_wconf 86' lang='lat' dir='ltr'><strong>regibus</strong></span> <span class='ocrx_word' id='word_1_291' title='bbox 662 4757 743 4822; x_wconf 87' lang='lat' dir='ltr'><strong>satis</strong></span> <span class='ocrx_word' id='word_1_292' title='bbox 764 4756 855 4823; x_wconf 77' lang='lat' dir='ltr'><strong>fuiti</strong></span> <span class='ocrx_word' id='word_1_293' title='bbox 901 4755 998 4835; x_wconf 94' lang='lat' dir='ltr'><strong>Quod</strong></span> <span class='ocrx_word' id='word_1_294' title='bbox 1029 4756 1057 4821; x_wconf 92' lang='lat' dir='ltr'><strong>si</strong></span> <span class='ocrx_word' id='word_1_295' title='bbox 1088 4760 1184 4821; x_wconf 87' lang='lat' dir='ltr'><strong>tanta</strong></span> <span class='ocrx_word' id='word_1_296' title='bbox 1215 4756 1262 4821; x_wconf 90' lang='lat' dir='ltr'><strong>eis</strong></span> 
     </span>
     <span class='ocr_line' id='line_1_39' title="bbox 210 4858 1264 4945; baseline 0.001 -22"><span class='ocrx_word' id='word_1_297' title='bbox 210 4858 297 4925; x_wconf 88' lang='lat' dir='ltr'><strong>inest</strong></span> <span class='ocrx_word' id='word_1_298' title='bbox 329 4859 522 4927; x_wconf 74' lang='lat' dir='ltr'><strong>dominandi</strong></span> <span class='ocrx_word' id='word_1_299' title='bbox 555 4858 670 4942; x_wconf 87' lang='lat' dir='ltr'><strong>libido,</strong></span> <span class='ocrx_word' id='word_1_300' title='bbox 701 4863 742 4924; x_wconf 93' lang='lat' dir='ltr'><strong>ut</strong></span> <span class='ocrx_word' id='word_1_301' title='bbox 776 4858 974 4927; x_wconf 83' lang='lat' dir='ltr'><strong>Edmundus</strong></span> <span class='ocrx_word' id='word_1_302' title='bbox 1005 4880 1125 4945; x_wconf 87' lang='lat' dir='ltr'><strong>parem,</strong></span> <span class='ocrx_word' id='word_1_303' title='bbox 1148 4858 1264 4927; x_wconf 85' lang='lat' dir='ltr'><strong>Cnuto</strong></span> 
     </span>
    </p>

    <p class='ocr_par' dir='ltr' id='par_1_18' title="bbox 1107 4965 1172 5027">
     <span class='ocr_line' id='line_1_40' title="bbox 1107 4965 1172 5027; baseline 0 0"><span class='ocrx_word' id='word_1_304' title='bbox 1107 4965 1172 5027; x_wconf 68' lang='lat' dir='ltr'><strong>at</strong></span> 
     </span>
    </p>
   </div>
   <div class='ocr_carea' id='block_1_3' title="bbox 0 0 1800 5800">
    <p class='ocr_par' dir='ltr' id='par_1_19' title="bbox 0 0 1800 5800">
     <span class='ocr_line' id='line_1_41' title="bbox 0 0 1800 5800; baseline 0 0"><span class='ocrx_word' id='word_1_305' title='bbox 0 0 1800 5800; x_wconf 95' lang='lat' dir='ltr'><strong> </strong></span> 
     </span>
    </p>
   </div>
  </div>
 </body>
</html>
