3567 5800
501 849 564 912 280
748 859 814 908 nro.
837 859 883 907 nn
905 856 1041 906 amnne
1063 857 1153 908 srac.
1176 857 1264 913 urar.

501 1041 567 1108 hat
624 1042 834 1108 Mirabantur
865 1040 924 1128 qui
955 1041 1111 1108 astabant
1133 1047 1168 1109 et
1189 1043 1248 1129 qui
1279 1043 1476 1123 residebant,
1498 1047 1550 1117 et,

500 1147 577 1212 licet
615 1166 657 1210 ex
693 1144 745 1209 his
782 1165 857 1232 quoe
894 1144 1082 1210 acciderant
1117 1151 1278 1212 secretum
1316 1146 1440 1234 aliquid
1475 1143 1550 1230 regi

334 1273 466 1325 uuanda
503 1247 664 1314 divinitus
689 1247 872 1314 revelatum
902 1269 1108 1334 nequaquam
1137 1249 1350 1334 ambigerent,
1376 1269 1471 1313 nemo
1494 1252 1552 1312 ta-

334 1339 470 1459 ffiffln
504 1373 580 1417 men
603 1349 747 1416 audebat
769 1371 844 1416 eum
866 1350 1079 1437 interrogare,
1103 1351 1183 1437 quid
1204 1351 1380 1416 accidisset,
1435 1348 1554 1416 Finito

335 1477 484 1539 sloepesat
504 1453 639 1519 tandem
671 1451 824 1518 convivio
856 1451 1041 1538 mensisque
1073 1453 1220 1534 sublatis,
1251 1476 1312 1519 rex
1342 1452 1556 1520 beatimimus

335 1541 491 1671 {gffgmsu
503 1555 697 1632 thalamum,
737 1558 892 1619 ornatum
930 1555 1058 1642 regium
1094 1555 1318 1670 depositurus,
1354 1554 1554 1642 ingreditur.

335 1690 389 1724 ron.
404 1671 489 1722 mirac
503 1659 642 1724 Secutus
666 1663 716 1723 est
738 1656 808 1722 dux
834 1656 1014 1736 Haroldus,
1038 1662 1205 1743 accitoque
1232 1678 1298 1722 uno
1325 1657 1555 1744 episcoporum

335 1738 489 1858 lllsswss’
503 1767 538 1827 et
560 1760 721 1826 abbatum
743 1781 809 1824 uno
836 1760 934 1824 simul
964 1781 1074 1846 regem
1095 1780 1193 1846 super
1214 1758 1275 1824 hoe
1306 1780 1454 1825 sermone
1475 1781 1556 1824 oon-

336 1873 473 1959 uothqofl.
503 1862 652 1929 veniunt.
721 1861 813 1928 Tunc
856 1861 920 1939 ille,
960 1861 1142 1940 “Beatus”
1181 1861 1301 1948 inquit,
1341 1861 1463 1928 “cuius
1499 1867 1557 1927 est

336 1937 478 2065 ffigntfss'
505 1963 635 2032 Nomen
659 1964 798 2031 Domini
820 1985 893 2052 spes
916 1964 995 2044 eius,
1015 1969 1051 2030 et
1071 1986 1139 2030 non
1161 1964 1307 2052 respexit
1329 1965 1364 2029 in
1385 1964 1557 2030 vanitates

336 2074 410 2152 qim·
423 2069 484 2122 000¹·
505 2075 540 2135 et
569 2067 714 2133 insanias
747 2067 852 2134 falsas.
912 2067 1084 2148 Quantum
1117 2069 1206 2132 enim
1232 2090 1268 2132 se
1294 2066 1433 2153 quisque
1454 2067 1556 2131 vanis

336 2145 483 2266 ¹7¹}'2³3⁴⁸1},5,
505 2170 717 2251 subtraxerit,
756 2175 890 2235 tantum
933 2169 1021 2234 veris
1065 2169 1171 2236 artius
1211 2169 1401 2236 adherebit
1468 2169 1555 2235 ane

336 2273 446 2334 necetur,
459 2275 490 2324 ue
508 2275 639 2360 quidem
662 2294 722 2360 ego
743 2272 832 2339 inter
853 2272 1007 2338 secundm
1025 2273 1140 2338 calices
1158 2277 1193 2337 et
1214 2273 1351 2359 pinguia
1371 2271 1493 2337 fercula
1514 2294 1558 2337 ac

336 2342 496 2456 mibi?
508 2375 669 2441 radiantis
702 2374 828 2440 metalli
861 2375 1066 2462 splendorem
1100 2375 1289 2441 recordatus
1321 2397 1396 2440 sum
1417 2374 1556 2440 Domini

335 2474 497 2540 Li1³⁸·1⁷⁰²·)
509 2479 574 2545 Dei
600 2479 664 2545 mei
687 2483 721 2544 et
743 2479 845 2544 effudi
871 2479 907 2543 in
933 2500 987 2543 me
1011 2479 1156 2544 animam
1189 2501 1316 2560 meam3
1348 2478 1554 2563 dilatatoquc

508 2584 629 2648 mentis
660 2582 736 2648 sinu
769 2583 880 2648 oculus
913 2583 1050 2648 interior
1080 2582 1223 2668 spiritali
1253 2583 1402 2669 perfusus
1427 2582 1556 2649 lumine

503 2687 677 2772 radiosque
703 2709 806 2772 usqua
838 2684 1055 2772 Ephesiorum
1085 2685 1257 2751 civitatem
1278 2685 1363 2751 mira
1384 2685 1555 2751 celeritate

502 2789 656 2874 porrexit,
684 2791 719 2854 et
741 2809 845 2874 usque
867 2789 904 2852 in
926 2793 1074 2854 montem
1090 2787 1231 2854 Coelium
1254 2809 1439 2875 progressus
1460 2809 1555 2854 sanc-

503 2895 613 2957 torum
647 2895 771 2978 septem
807 2889 1043 2957 dormientium
1074 2890 1315 2978 quiescentium
1340 2891 1376 2955 in
1396 2890 1555 2978 spelunca
1675 2944 1679 2949 ,

503 2993 739 3080 proprietatem
765 2994 930 3071 vultuum,
954 2993 1175 3060 membrorum
1199 2993 1434 3079 quantitatem,
1449 2994 1554 3079 quali·

503 3101 606 3162 tatem
622 3096 765 3161 vestium
781 3096 990 3182 expressione
1022 3095 1289 3163 manifestissima
1313 3095 1556 3181 contemplatus

504 3222 585 3268 sum.
632 3198 715 3266 Haec
746 3199 825 3265 dum
858 3197 1049 3265 interiorem
1070 3198 1140 3264 risu
1161 3199 1368 3286 significante
1400 3197 1556 3264 laetitiam

505 3303 600 3367 corde
637 3302 800 3367 luminoso
839 3301 1067 3389 conspicerem,
1106 3300 1217 3366 subito
1254 3324 1306 3367 me
1343 3307 1495 3367 cernente
1534 3326 1557 3365 a

504 3405 607 3469 latere
640 3406 775 3471 dextuo
798 3426 896 3491 super
918 3404 1006 3490 quod
1040 3404 1157 3469 multis
1179 3405 1375 3491 quieverant
1396 3404 1493 3469 annis
1515 3404 1555 3469 in

505 3508 674 3573 sinistrum
712 3528 746 3572 se
783 3507 870 3573 latus
907 3507 1033 3572 virtute
1073 3505 1189 3572 divina
1225 3512 1402 3585 vertentes,
1441 3506 1555 3571 dirum

506 3607 698 3673 mortalibus
731 3630 828 3674 omen
850 3609 911 3673 bac
932 3608 1074 3673 laterum
1107 3630 1242 3673 suorum
1268 3610 1454 3675 mutatione
1486 3608 1557 3695 sig·

508 3713 639 3775 nerunt.
687 3710 817 3775 Exhinc
850 3710 948 3789 enim
975 3718 1015 3776 ut
1036 3710 1074 3774 in
1096 3710 1266 3797 evangelio
1299 3710 1457 3798 scriptum
1479 3710 1555 3791 est,¹

509 3817 639 3899 ‘surget
660 3835 740 3899 gens
755 3819 869 3878 eontra
883 3819 1016 3899 gentem
1032 3818 1067 3878 et
1080 3835 1220 3899 regnum
1234 3813 1391 3880 adversm
1404 3835 1556 3900 regnum,

509 3922 543 3981 et
577 3920 675 3981 erunt
708 3915 906 4002 pestilentiae
929 3921 964 3980 et
990 3916 1093 3980 fames
1115 3920 1150 3980 et
1171 3921 1268 3996 terrae
1300 3920 1409 3981 motus
1441 3917 1557 4003 magni

339 4017 487 4131 lubrpfrffia·
509 4040 567 4104 por
588 4016 677 4083 loca'
723 4016 787 4081 His
808 4017 929 4103 quippe
947 4017 1159 4104 septuaginta
1180 4017 1277 4083 annis
1299 4019 1445 4100 (tantum
1466 4018 1557 4083 enim

338 4092 428 4198 iffi,
466 4097 480 4132 ⁰
509 4120 666 4207 temporis
710 4119 746 4185 in
792 4118 926 4185 sinistro
973 4119 1076 4185 latere
1121 4120 1359 4209 repausabant)
1402 4120 1558 4188 visitabit

509 4221 670 4287 Dominus
691 4220 901 4306 iniquitatem
924 4219 1027 4307 plebis
1048 4242 1129 4299 suae,
1148 4221 1282 4287 tradens
1304 4242 1358 4287 eos
1379 4221 1417 4287 in
1437 4244 1557 4289 manus

508 4324 667 4407 gentium,
701 4328 739 4388 ut
771 4322 983 4387 dominentur
1014 4322 1144 4409 eisqui
1173 4323 1313 4389 oderunt
1344 4323 1426 4389 illos
1486 4323 1558 4389 Ini-

508 4423 584 4490 mici
605 4446 747 4510 namque
769 4423 923 4489 Nominis
946 4423 1070 4490 Christi
1091 4426 1265 4513 insurgent
1281 4426 1318 4491 in
1340 4425 1554 4506 Christianos,

508 4526 594 4590 servi
617 4526 758 4591 dominis
788 4524 1006 4605 rebellabunt,
1029 4548 1121 4614 reges
1153 4528 1401 4593 insidiabuntur
1422 4528 1556 4615 regibus

509 4632 543 4692 et
565 4628 767 4715 principibus
798 4627 983 4715 principes3
1013 4634 1049 4693 ct
1070 4630 1106 4692 in
1129 4629 1281 4695 omnibus
1310 4630 1432 4695 finibus
1455 4636 1556 4697 terrae

505 4768 747 4782 μὴ.

896 4870 902 4899 '
922 4867 959 4919 St.
972 4866 1045 4920 Mart.
1054 4867 1130 4919 xxiv.
1144 4871 1166 4920 7.
