3567 5800
446 925 493 974 nn
515 920 630 972 arsrrs
653 921 775 972 annun
796 919 996 970 suen-111.
1021 905 1050 966 1.
1251 906 1271 967 5

275 1111 360 1177 Geta
384 1109 486 1198 igitur
511 1108 576 1175 fuit
601 1108 689 1174 filius
712 1108 879 1186 Theatwa,
904 1105 963 1193 qui
987 1104 1054 1172 fuit
1075 1103 1186 1182 Beavr,
1215 1105 1273 1190 qui

230 1214 294 1281 fuit
336 1213 477 1290 Saldwa,
516 1213 574 1299 qui
610 1211 676 1277 fuit
713 1209 821 1278 Sheai
887 1209 966 1290 Iste,
1004 1214 1045 1274 ut
1079 1206 1197 1285 ferunt,
1235 1207 1272 1272 in

232 1317 394 1404 quandam
429 1315 573 1380 insulam
610 1313 806 1392 Germania,
844 1311 1023 1380 Scandelin
1057 1310 1200 1390 nomine,
1231 1310 1273 1376 de

232 1443 293 1507 qua
333 1417 520 1485 Jordanus¹
567 1417 751 1484 Gothorum
787 1413 1071 1502 historiographus
1115 1413 1270 1499 loquitur,

231 1523 381 1610 appulsus
401 1522 438 1586 in
459 1521 539 1586 navi
559 1521 629 1586 sine
647 1521 771 1606 remige
790 1517 959 1608 puerulus,
977 1517 1086 1604 posito
1106 1517 1150 1582 ad
1173 1522 1274 1603 caput

231 1625 296 1690 eius
322 1624 479 1690 frumenti
503 1623 680 1710 manipulo,
716 1643 814 1709 quem
835 1622 946 1709 patria
966 1621 1082 1708 lingua
1103 1618 1174 1705 aces
1193 1620 1273 1686 dici·

232 1749 307 1806 mus,
326 1727 452 1794 Gallica
471 1747 548 1791 vero
567 1725 720 1810 portuno,
736 1724 900 1790 dormiens
921 1723 1078 1789 inventus
1092 1727 1150 1787 est
1196 1723 1272 1790 Hac

232 1851 302 1916 ergo
341 1830 383 1895 de
420 1851 516 1894 causa
553 1827 677 1894 Scheaf
708 1827 891 1914 appellatus
929 1831 964 1893 et
1000 1824 1044 1890 ab
1081 1825 1270 1894 hominibus

231 1931 369 2019 regionis
390 1953 449 2018 pro
478 1931 637 1996 miraculo
661 1935 818 2017 exceptus
844 1923 887 1996 et‘
903 1928 1016 1994 sedulo
1039 1933 1091 1994 est
1113 1929 1270 1998 nutritus.

233 2033 293 2114 Qui
337 2034 454 2100 adulta
498 2038 598 2100 aetate
633 2032 786 2119 regnavit
823 2033 860 2099 in
897 2030 1028 2118 oppido,
1066 2033 1155 2118 quod
1190 2039 1271 2100 tunc

232 2137 370 2216 sanwic,
401 2157 489 2202 nunc
517 2157 597 2202 vero
628 2135 794 2202 Harthebi
831 2135 1036 2224 appellatur:
1074 2140 1126 2201 est
1158 2140 1271 2201 autem

231 2240 313 2326 regio
339 2239 398 2304 illa
420 2243 517 2305 vetus
540 2237 664 2326 Anglia
682 2243 881 2326 nuncupata,
904 2236 994 2302 unde
1012 2237 1115 2324 Angli
1136 2237 1174 2302 in
1195 2237 1271 2302 Bri·

230 2343 375 2407 tanniam
395 2345 569 2422 venerunt,
592 2341 682 2406 inter
705 2340 831 2407 Gothos
852 2344 888 2406 et
911 2339 1058 2405 Saxones
1080 2340 1270 2406 constituta

232 2442 347 2510 Scheaf
368 2465 496 2531 quoque
523 2443 588 2509 fuit
612 2443 701 2508 filius
726 2441 903 2521 Heremod,
931 2440 990 2528 qui
1019 2441 1084 2508 fuit
1109 2441 1266 2518 Itermod,

230 2547 283 2632 qui
311 2547 378 2613 firit
409 2545 535 2626 Hatha,
565 2546 624 2632 qui
653 2545 720 2612 fuit
746 2543 849 2626 Wala,
880 2543 939 2630 qui
964 2543 1031 2609 fuit
1060 2543 1184 2623 Bedwi‚
1212 2545 1269 2631 qui

231 2649 290 2714 fuit
319 2649 406 2730 Sem,
436 2649 494 2736 qui
531 2649 596 2714 fuit
625 2647 707 2726 Noe,
740 2647 798 2734 qui
834 2645 899 2713 fuit
929 2645 1079 2727 Lameth,
1110 2647 1168 2734 qui
1204 2646 1270 2713 fuit

231 2751 413 2832 hlatussale,
438 2751 496 2837 qui
524 2750 591 2816 fuit
620 2749 744 2831 Enoch,
775 2749 832 2838 qui
862 2749 929 2815 fuit
957 2749 1086 2829 Jareth,
1117 2749 1175 2836 qui
1205 2748 1271 2816 fuit

213 2853 385 2933 -hlalaleel,
416 2855 474 2941 qui
510 2853 576 2921 fuit
615 2853 751 2931 Geinum
783 2852 841 2941 qui
875 2852 940 2921 fuit
974 2852 1071 2933 Enoc,
1110 2851 1169 2940 qui
1204 2851 1271 2921 fuit

230 2956 317 3037 Seth,
340 2957 398 3045 qui
419 2957 486 3023 fuit
508 2957 627 3038 Adam
651 2956 709 3045 qui
730 2955 797 3023 fuit
819 2954 890 3022 Dei

1311 3198 1327 3231 8

278 3284 525 3352 Coumuusmo.
570 3282 620 3349 De
642 3283 750 3349 uocis
767 3280 967 3370 pwrtltbus
991 3280 1125 3368 Alfrede'
1146 3280 1215 3348 etue
1279 3248 1386 3378 mi

608 3384 757 3453 Aluredc'
777 3386 874 3473 repta.
1279 3382 1365 3439 ΑΜ·

1279 3463 1304 3513 p.
1316 3451 1365 3499 4⁷³
1376 3448 1411 3510 D,
1513 3467 1517 3476 =

270 3598 457 3664 humanus
485 3598 589 3685 igitur
618 3598 687 3665 sive
714 3600 878 3667 Aluredus
904 3602 941 3667 in
966 3602 1063 3667 annis
1088 3603 1267 3690 puerilibus
1278 3529 1388 3648 xlm

226 3700 348 3789 ingenti
370 3700 547 3788 patrissui
570 3706 605 3769 et
627 3702 743 3768 matris
765 3726 875 3769 amore
898 3726 995 3792 super
1016 3728 1129 3771 omnes
1149 3706 1267 3773 fratres
1278 3665 1409 3731 earlyhfe.

227 3824 299 3868 suos
329 3810 372 3884 et,
396 3802 485 3889 quod
514 3803 720 3891 potissimum
747 3810 827 3887 erat,
854 3806 897 3871 ab
927 3806 1079 3873 omnibus
1105 3809 1142 3874 in
1167 3833 1268 3897 regno

227 3886 432 3994 diligebatur.
478 3906 577 3972 Unde
597 3912 632 3972 et
653 3906 690 3971 in
709 3908 801 3995 regia
823 3930 951 3996 semper
969 3910 1082 3975 curia³
1103 3910 1268 3999 insepara-

226 4006 334 4074 biliter
362 4008 581 4074 nutriebatur.
642 4008 725 4074 Erat
750 4010 839 4075 enim
865 4012 992 4078 cunctis
1020 4012 1177 4078 fratribus
1203 4016 1270 4081 suis

227 4110 332 4175 forma
369 4111 544 4191 decentior,
582 4110 682 4177 vultu
718 4112 870 4193 serenior,
906 4116 1055 4201 quocirca
1090 4116 1199 4180 verbis
1233 4122 1270 4182 et

227 4214 369 4280 moribus
394 4214 570 4301 gratiosior
592 4213 779 4301 apparebat.
837 4216 1073 4283 Verumtamen
1095 4222 1270 4304 parentum

224 4338 261 4381 ac
280 4317 513 4403 magistrorum
531 4338 664 4381 suorum
678 4316 807 4384 incenia
825 4341 928 4405 usque
950 4321 993 4386 ad
1015 4342 1141 4386 annum
1160 4322 1271 4387 aetatis

224 4440 290 4486 suae
306 4418 533 4486 duodecimum
547 4418 725 4487 illiteratus
739 4423 928 4509 permansit
975 4422 1140 4490 Saxonica
1159 4428 1271 4490 temen

254 4746 262 4776 ¹
274 4745 294 4797 J
294 4747 400 4798 omnd.
412 4746 455 4798 De
461 4747 523 4799 r'leh.
536 4750 590 4799 Get.
604 4754 625 4798 1.
637 4751 687 4799 and
698 4754 722 4801 8.
778 4750 862 4814 Aeser,
872 4752 940 4802 unde
955 4751 1010 4804 huc
1029 4751 1181 4818 desumpffl
1213 4752 1270 4810 MS

252 4824 335 4877 ΜῙιι
362 4826 535 4894 regiocurto.
594 4828 625 4879 In
657 4828 723 4881 libro
774 4837 839 4882 note.
