3567 5800
430 896 479 948 nn
499 893 616 947 ersus
638 891 761 945 sucum
782 891 983 944 suun-nn
1010 879 1062 942 23.
1210 879 1277 943 123

228 1087 394 1177 plurimos,
431 1085 490 1151 ubi
545 1085 617 1171 ipsc
654 1089 691 1150 et
736 1101 933 1148 successores
970 1081 1041 1147 eius
1078 1081 1121 1146 cd
1158 1081 1278 1146 festum

227 1189 399 1255 venientes
429 1211 468 1255 nc
505 1187 613 1253 denuo
650 1189 854 1254 revertentes
895 1185 1056 1273 hospitari
1089 1183 1277 1250 veluissent

229 1291 313 1374 Quae
347 1311 451 1378 usque
493 1289 530 1355 in
573 1295 725 1376 tempore
761 1288 850 1375 regis
886 1287 1025 1356 Henrici
1063 1285 1206 1354 Secundi
1242 1286 1279 1352 in

227 1399 391 1484 potestate
412 1413 528 1482 regum
549 1391 671 1460 Sootiae
692 1395 928 1458 remanserunt

636 1605 890 1676 Commo.

275 1773 374 1840 Smer
416 1773 559 1861 quidem,
598 1773 655 1858 qui
699 1772 831 1858 ingenti
874 1769 945 1836 eius
989 1769 1104 1858 gloriae
1148 1789 1280 1836 naevum
1293 1793 1397 1858 numu

229 1881 396 1964 temptent
420 1895 591 1963 apponere,
622 1875 767 1942 dicentes
796 1873 913 1962 primis
943 1872 1147 1960 temporibus
1180 1873 1280 1938 luisse
1293 1858 1446 1925 “film-

231 1979 396 2046 crudelem
430 1977 468 2042 in
504 1978 598 2054 cives,
638 1975 856 2044 libidinosum
888 1976 926 2040 in
962 1975 1116 2063 virgines.
1178 1975 1280 2040 Verbi

230 2084 351 2170 gretia,
384 2080 504 2170 prioris
538 2079 725 2167 exemplum
755 2084 893 2166 ponunt
955 2077 1180 2146 AEdelwoldus
1210 2083 1281 2146 erat

230 2184 367 2270 quidam
403 2183 455 2250 sui
491 2182 649 2269 temporis
687 2203 793 2248 comes
830 2181 983 2269 egregius
1000 2186 1048 2258 ‚et
1086 2203 1107 2246 e
1140 2180 1281 2247 secretis.

233 2285 325 2352 Huic
366 2307 428 2352 rex
464 2285 655 2352 iniunxerat
688 2284 870 2372 negotium,
903 2289 944 2350 ut
978 2283 1140 2350 Elfiidem
1177 2284 1281 2348 filiam

233 2386 353 2475 Orgcri
390 2387 482 2455 ducis
519 2388 774 2466 Devenensium,
814 2409 888 2474 quse
934 2386 1040 2453 forme
1084 2387 1135 2454 sui
1173 2386 1283 2452 oculos

231 2491 410 2557 relatorum
453 2490 643 2577 pellexerat,
686 2490 843 2576 quatinus
888 2511 961 2555 ecm
1006 2490 1104 2576 regiis
1148 2489 1283 2556 auribus

233 2593 525 2674 commendment3
547 2631 591 2642 -
613 2592 699 2674 huic,
722 2593 872 2680 inquam,
895 2597 1107 2680 prseceperst,
1131 2591 1284 2658 utillum

233 2697 298 2762 iret
319 2695 531 2783 speculatum,
553 2695 687 2782 nuptias
718 2695 961 2774 conciliaturus,
985 2695 1014 2761 si
1041 2695 1166 2762 veritus
1187 2694 1284 2760 samec

234 2798 452 2866 concordaret
520 2797 583 2864 Ille
634 2797 724 2863 viem
769 2797 924 2878 celerans,
968 2797 1119 2884 nihilque
1163 2801 1284 2886 praeter

235 2904 423 2990 opinionem
455 2901 664 2988 comperiens,
693 2902 799 2968 celato
839 2901 931 2988 opud
967 2908 1121 2991 parentes
1164 2903 1284 2968 nuntio

235 3006 303 3073 suis
339 3004 451 3093 potius
488 3004 602 3070 usibus
637 3004 781 3092 puellam
819 3005 990 3093 applicuit.
1061 3004 1205 3071 Rediens
1241 3006 1285 3069 ad

237 3129 357 3196 regem,
378 3129 453 3195 quae
475 3107 544 3172 suis
565 3107 717 3194 partibus
738 3108 959 3174 conducerent
991 3108 1137 3195 elleget3
1167 3107 1285 3195 speciei

237 3210 386 3298 vulgaris
411 3214 448 3276 et
473 3208 650 3277 cotidianus
674 3210 837 3298 pusiolam
862 3232 1017 3289 escenso
1043 3216 1149 3277 tuntae
1170 3210 1285 3275 maies-

237 3315 303 3379 tati
324 3312 507 3380 convenire.
565 3312 716 3379 Reducto
744 3312 788 3378 sb
809 3312 863 3378 his
887 3313 1058 3379 animost
1081 3314 1154 3379 eliis
1180 3334 1286 3378 umor-

239 3418 315 3481 ibus
338 3415 471 3482 intento
495 3414 657 3481 delatores
683 3414 851 3498 nuntient,
887 3419 1016 3503 quantu
1044 3416 1139 3481 illum
1174 3416 1286 3482 AEdel·

240 3514 370 3579 woldus
424 3514 552 3579 astutia
621 3519 824 3580 emunxerat.
902 3514 966 3579 Ille
1013 3516 1109 3581 clavo
1156 3516 1287 3582 clevum

240 3616 413 3704 expellens,
447 3616 562 3682 fraude
599 3616 723 3682 scilicet
760 3616 910 3683 fraudem
962 3617 1106 3700 eludens,
1143 3619 1287 3685 frontem

242 3742 388 3787 serenam
425 3718 540 3785 comiti
586 3719 766 3799 ostendere,
805 3719 893 3784 diem
926 3742 990 3807 quo
1029 3721 1182 3787 visitaret
1219 3727 1288 3787 tam

240 3824 411 3889 laudatam
453 3822 625 3888 mulierem
670 3822 768 3907 quasi
812 3822 885 3889 ioco
930 3824 1062 3890 edicere.
1131 3826 1197 3909 Qui
1219 3830 1289 3891 tam

241 3926 380 3993 terribili
413 3922 514 3991 lud0¹
560 3923 780 4003 exanimatus,
830 3926 1005 4011 praecurrit
1038 3928 1082 3993 nd
1119 3928 1289 4015 coniugem

241 4050 360 4115 rogans
410 4032 450 4092 ut
501 4046 570 4093 suae
599 4025 725 4094 ‘saluti
788 4028 980 4109 consuleret,
1029 4034 1072 4108 et,
1130 4036 1290 4117 quantum

241 4134 358 4217 posset,
382 4128 529 4195 vectibus
559 4150 595 4195 se
628 4128 834 4208 deformaret,
857 4134 939 4197 tune
964 4129 1107 4218 primum
1141 4132 1290 4219 aperiens

242 4232 320 4299 fecti
349 4229 402 4297 sui
435 4226 614 4299 eonsilium.
662 4230 736 4297 Sed
758 4232 840 4319 quid
861 4256 930 4299 non
953 4234 1125 4321 praesumit
1146 4234 1291 4301 feminal

243 4335 333 4401 Ausa
366 4339 417 4401 eet
449 4334 568 4400 misere
599 4340 634 4401 et
664 4334 762 4422 primi
796 4336 944 4422 coniugis
976 4337 1075 4404 fidem
1111 4337 1225 4404 fallere
1256 4344 1291 4405 et

245 4436 374 4525 speculo
396 4436 529 4503 vultum
551 4458 686 4514 comere,
718 4436 804 4503 nihil
834 4440 992 4504 omittens
1026 4440 1113 4526 quod
1146 4442 1291 4529 potentis

245 4542 329 4629 regis
351 4539 477 4629 Edguri
498 4539 629 4605 lumbos
661 4544 905 4628 pertemptaret.
956 4540 1027 4607 Nec
1059 4543 1142 4609 citra
1175 4567 1291 4633 propo-

616 4830 625 4861 ¹
641 4824 710 4896 tudo]
728 4828 781 4882 luto
792 4836 852 4894 tum,
862 4828 920 4885 MS.
