3567 5800
508 824 570 891 176
765 838 832 887 mc.
856 840 903 887 ns
926 838 1059 889 omme.
1083 838 1172 887 snae.
1198 836 1284 886 nrsr.

506 1048 564 1111 per
586 1024 792 1091 succedentia
830 1026 1021 1093 saeculorum
1046 1026 1216 1093 volumina
1239 1026 1311 1091 Deo
1333 1026 1563 1113 supplicarent

504 1151 564 1215 pro
586 1130 759 1203 animabus
781 1130 830 1197 ibi
852 1132 1038 1198 occisorum.
1084 1131 1139 1197 Ad
1166 1130 1441 1197 consecrationem
1464 1131 1563 1195 illius

505 1232 648 1299 basilice
678 1239 713 1299 et
749 1234 818 1321 ipse
866 1235 965 1301 affuit
1008 1241 1042 1301 et
1084 1235 1261 1322 optimates
1298 1235 1484 1321 Anglorum
1525 1240 1563 1301 et

507 1335 686 1413 Drusorum,
711 1343 745 1402 et
770 1337 908 1403 donaria
923 1340 1030 1404 multa
1045 1338 1152 1405 eidem
1167 1337 1311 1403 basilicae
1326 1344 1562 1425 porrexerunt

506 1439 613 1516 Nunc,
643 1444 683 1504 ut
705 1438 818 1518 fertur,
849 1441 981 1507 modico
1010 1450 1061 1507 est
1087 1439 1220 1507 ecclesia
1241 1440 1435 1527 presbytero
1461 1462 1562 1528 paro-

506 1540 624 1607 chiano
639 1540 796 1629 delegata
833 1543 888 1608 Ad
904 1544 975 1609 haec
990 1543 1146 1630 praefatus
1160 1564 1221 1609 rex
1237 1543 1347 1608 Cnuto
1370 1542 1562 1629 Anglorum

506 1646 541 1707 et
556 1642 728 1709 Danorum
750 1666 850 1733 supra
871 1668 990 1731 corpus
1013 1645 1195 1711 beatissimi
1222 1646 1308 1733 regis
1340 1650 1375 1709 et
1396 1645 1562 1732 martyris

336 1752 461 1871 Buryust.
507 1745 688 1823 Edmundi,
712 1769 809 1834 quem
834 1748 1037 1866 antiquiores
1060 1746 1159 1825 Dani,
1191 1752 1231 1811 ut
1253 1768 1352 1833 supra
1374 1746 1559 1825 docuimus,

420 1838 913 2017 ῃεῐιε·ιιιιιιι
934 1849 1561 2068 ιιιιιιιιιιιι

335 1984 489 2156 {ln‘nl'bffl
503 2059 604 2139 rupto
629 2077 761 2142 corpore
786 2055 873 2121 diem
889 2056 999 2121 beatae
1021 2054 1269 2120 resurrectionis
1290 2059 1453 2141 expectat,
1479 2078 1559 2121 con-
1601 2011 1609 2027 ·

503 2156 576 2221 silio
603 2158 731 2223 Emmae
753 2156 877 2243 reginae
903 2164 937 2222 et
961 2158 1183 2243 episcoporum
1211 2156 1367 2223 simulet
1390 2157 1557 2223 baronum

502 2259 633 2345 Angliae
673 2259 843 2325 basilicam
891 2260 1104 2325 animositate
1150 2260 1241 2346 regia
1278 2261 1475 2339 construxit,
1517 2282 1557 2327 ac

502 2361 675 2427 monachos
704 2361 853 2427 instituit
886 2362 923 2425 in
950 2363 1071 2439 eadem,
1104 2362 1285 2447 praeficiens
1316 2362 1363 2427 eis
1394 2362 1554 2428 abbatem

500 2464 633 2529 nomine
656 2464 839 2544 Widonem,
862 2465 973 2529 virum
995 2464 1162 2545 humilem,
1177 2465 1368 2543 modestum,
1400 2486 1556 2531 mansue-

500 2570 574 2630 tum
604 2572 638 2630 et
668 2568 773 2653 pium,
799 2566 986 2653 praediaque
1001 2566 1106 2632 multa
1138 2566 1181 2631 ad
1206 2567 1441 2632 monachorum
1464 2568 1554 2633 inibi

500 2668 715 2732 servientium
750 2669 1025 2734 sustentationem
1074 2669 1166 2755 regia
1203 2669 1359 2755 largitate
1404 2671 1552 2735 contulit

500 2770 642 2837 basilicae
671 2771 845 2857 praedictae.
900 2771 1115 2856 Presbyteros
1138 2776 1248 2837 autem
1272 2772 1330 2857 qui
1352 2772 1476 2837 ibidem
1501 2774 1554 2838 in-

501 2873 652 2939 ordinate
675 2873 768 2961 prius
793 2873 950 2939 vixerant
971 2877 1031 2940 aut
1054 2873 1090 2938 in
1116 2873 1229 2939 eodem
1256 2872 1326 2939 loco
1353 2873 1396 2939 ad
1420 2874 1550 2941 cultum

499 2975 665 3062 religionis
706 2976 867 3063 provexit,
900 2981 960 3042 aut
990 2976 1086 3041 rebus
1125 2975 1199 3040 eliis
1235 2975 1302 3041 illis
1331 2976 1466 3058 collatis,
1506 2999 1550 3044 ex

500 3079 619 3162 quibus
633 3078 730 3145 solito
753 3077 977 3144 abundantius
999 3079 1125 3144 victum
1147 3077 1306 3144 haberent
1328 3083 1363 3144 et
1377 3080 1548 3160 vestitum,

499 3179 536 3243 in
561 3181 627 3245 alia
655 3181 727 3246 loca
759 3180 900 3266 migrare
932 3181 1016 3245 fecit
1085 3179 1221 3245 Dictum
1252 3201 1330 3246 vero
1360 3182 1548 3247 coenobium

498 3282 588 3348 beati
611 3283 697 3370 regis
720 3288 754 3349 et
776 3283 933 3368 martyris
960 3283 1127 3347 Edmundi
1152 3287 1205 3348 tot
1227 3281 1360 3369 praediis
1386 3289 1420 3348 ct
1450 3284 1549 3350 bonis

499 3385 583 3464 aliis,
619 3394 659 3451 ut
685 3385 841 3467 diximus,
873 3383 1055 3471 ampliavit,
1085 3391 1126 3449 ut
1152 3385 1304 3450 omnibus
1327 3385 1395 3451 fere
1411 3383 1549 3473 Anglise

499 3487 708 3553 monasteriis
737 3487 774 3551 in
800 3487 898 3552 rebus
929 3486 1163 3574 temporalibus
1192 3487 1311 3553 merito
1340 3487 1546 3573 preferatur.

501 3589 627 3675 Corpus
656 3610 734 3655 vero
775 3589 865 3654 beati
910 3589 1053 3675 Alphegi
1090 3589 1178 3674 apud
1212 3595 1362 3654 sanctum
1400 3589 1544 3655 Paulum

332 3681 448 3733 M·
500 3691 734 3756 tumulatum
724 3713 793 3778 rpse
816 3691 884 3757 suis
899 3691 1051 3756 manibus
1066 3691 1141 3756 inde
1157 3690 1290 3768 levavit,
1307 3695 1341 3756 et
1356 3691 1400 3756 ad
1413 3694 1549 3780 propria

331 3749 475 3882 tliphsfggs
500 3795 673 3859 remissum
702 3793 813 3881 dignis
853 3792 1131 3859 assentationibm
1161 3795 1337 3858 veneratus
1371 3798 1427 3857 est.
1490 3794 1549 3860 Ita

331 3883 407 3998 Ὗ·
500 3896 612 3962 omnia
626 3919 698 3982 quae
722 3896 792 3982 ipse
807 3901 842 3961 et
855 3901 1072 3962 antecessores
1087 3895 1139 3959 sui
1162 3894 1369 3978 deliquerant
1383 3895 1554 3983 corrigere

381 4032 401 4065 r.
413 4017 439 4067 ι’.
500 4007 661 4088 satagens,
677 3999 796 4085 prioris
810 3999 987 4064 iniustitiae
1001 4019 1135 4064 naevum
1151 3995 1238 4083 apud
1255 3995 1364 4062 Deum
1386 3997 1545 4078 fortassis,

382 4119 388 4132 ·
424 4137 431 4157 ι
499 4104 588 4190 apud
610 4102 759 4167 homines
781 4108 875 4180 certe,
902 4100 1064 4167 abstersit.
1118 4099 1244 4186 Anglos
1274 4120 1402 4185 quoque
1433 4123 1548 4166 omnes

498 4205 633 4271 hortatu
649 4205 777 4272 Emmae
801 4205 924 4292 reginas
947 4204 1011 4271 sibi
1037 4201 1244 4270 reconciliare
1267 4203 1415 4281 studens,
1437 4203 1548 4268 multa

498 4309 544 4372 eis
570 4308 707 4374 donaria
726 4307 876 4387 contulit,
900 4312 935 4372 et
949 4307 1082 4394 insuper
1106 4307 1209 4372 bonas
1223 4305 1312 4392 leges
1334 4310 1369 4371 et
1391 4306 1546 4370 omnibus

497 4411 661 4498 placentes
672 4409 830 4496 promisit.
876 4408 1040 4475 Praeterea
1054 4415 1210 4496 suggestu
1235 4408 1401 4494 praedictae
1418 4407 1545 4473 Emmaa

497 4514 622 4600 reginae
654 4533 728 4598 qnae
758 4511 795 4576 in
832 4511 956 4576 talibus
986 4511 1166 4576 sanctitate
1195 4511 1335 4598 prodiga
1372 4511 1544 4576 thesauros

330 4652 464 4704 winchea
498 4614 710 4702 dilapidabat,
737 4614 879 4680 ecclesiae
893 4611 1072 4678 cathedrali
1087 4611 1279 4698 Wyntoniss
1302 4611 1446 4676 maxime
1470 4633 1545 4677 mu-

329 4728 375 4770 ter.
499 4718 676 4784 nilioentiae
701 4738 769 4784 suae
789 4713 1068 4802 magnificentiam
1082 4715 1311 4802 multipliciter
1326 4713 1520 4780 ostendebat
1532 4741 1541 4795 ;
