3567 5800
421 851 469 900 nr
491 851 608 902 srsrrs
631 853 753 904 aucun
774 851 965 904 eron-ru
990 843 1043 917 50,
1061 842 1112 904 51.
1219 839 1284 910 327

240 1038 390 1116 secundo,
413 1060 499 1104 anno
521 1039 613 1125 regni
637 1039 706 1104 eius
728 1060 834 1118 nono;
861 1045 1022 1126 praesente
1043 1043 1078 1106 et
1098 1041 1176 1109 huic
1197 1040 1287 1127 operi

242 1141 488 1209 accuratissime
535 1142 732 1228 praesidente
788 1141 854 1208 iam
903 1141 991 1208 dicto
1030 1143 1177 1212 eiusdem
1224 1142 1286 1210 loci

239 1245 419 1310 reverendo
448 1249 542 1330 patre
573 1244 760 1310 Laurentio.

681 1674 760 1742 One.
789 1674 845 1740 LI.
953 1772 958 1786 .

238 1869 336 1952 &⁶⁰⁶3
371 1865 471 1952 ΨΜ
512 1885 635 1950 ΝΜ
670 1863 867 1951 Acyta-am
905 1864 1078 1952 taenara
1116 1863 1284 1944 macta,
1297 1874 1417 1952 oswiu:

281 1971 357 2038 tam
392 1969 436 2035 ia
474 1968 652 2034 rmactitatc
689 1967 912 2053 quorumdam
949 1975 994 2034 est
1030 1967 1287 2054 ahqwmpgw
1296 1942 1384 2074 3¹31&
1395 1955 1422 1989 ιι.

280 2071 517 2160 spartarum.

283 2262 377 2342 Qum
400 2262 487 2326 enim
509 2267 603 2349 gesta
624 2261 808 2349 Auglorum
830 2261 997 2348 hucusque
1019 2262 1284 2354 oontex[u]imus,

236 2365 318 2430 libet
351 2366 587 2452 aliquantisper
617 2366 654 2430 in
685 2365 863 2430 sanctitate
898 2365 1104 2450 quorundam
1140 2365 1286 2453 spatiari.

239 2467 396 2552 Superius
434 2468 522 2534 enim
568 2469 743 2535 retulimus
780 2468 822 2532 de
856 2467 1072 2554 plurimorum
1109 2467 1286 2534 sanctitate

237 2591 362 2655 regum,
401 2571 565 2654 quomodo
612 2571 747 2656 quidam
791 2569 938 2656 ipsorum
982 2569 1137 2656 martyrii
1180 2570 1287 2655 gloria

237 2671 430 2758 triumphali
457 2677 536 2736 sunt
568 2672 723 2750 coronati,
748 2673 834 2738 siout
865 2671 1020 2738 videlicet
1044 2672 1205 2738 Edvvinus
1228 2672 1287 2740 Os-

237 2775 363 2838 waldus
391 2775 543 2839 Oswinus
567 2782 600 2839 et
623 2775 723 2839 ceteri
753 2795 893 2860 quornm
926 2783 1020 2859 gesta
1046 2774 1144 2839 sicuti
1167 2796 1188 2838 a
1213 2777 1288 2860 pat-

236 2877 327 2943 ribus
362 2876 525 2964 descripta
555 2877 699 2943 vidimus
731 2866 767 2942 in
801 2898 897 2964 opere
934 2875 1089 2962 prasenti
1128 2881 1288 2942 annotare

237 2982 430 3047 curavimus.
487 2980 557 3044 Alii
594 2986 705 3045 autem
727 3001 842 3065 regum
873 2977 1059 3065 Anglorum
1088 2979 1205 3043 saecrsso
1234 3001 1284 3043 re-

237 3084 429 3148 nuntiantes
451 3084 547 3147 acin
572 3082 691 3149 habitu
723 3080 911 3146 monachico
934 3081 1041 3145 vitam
1071 3080 1284 3166 temporalem

237 3186 452 3251 terminantes
498 3185 576 3249 coelo
623 3184 716 3271 digni
761 3183 868 3247 habiti
914 3187 1013 3259 sunt3
1060 3204 1142 3268 quos
1182 3183 1284 3247 etiam

237 3310 377 3375 praesens
415 3286 552 3353 historia
586 3288 670 3352 sicut
707 3287 875 3372 superiora
907 3284 1079 3352 manifeste
1117 3285 1284 3351 declarant

237 3397 342 3457 tacere
364 3411 431 3457 non
455 3393 571 3476 potest.
618 3389 669 3453 De
691 3388 817 3453 bellicis
836 3392 947 3453 autem
970 3408 1085 3473 regum
1100 3388 1284 3474 Anglorum

237 3494 364 3561 astibus
395 3515 433 3558 aa
463 3492 504 3555 de
538 3492 652 3557 ceteris
690 3490 872 3557 virtutibus
904 3488 1023 3575 quibus
1058 3490 1285 3577 'multipliciter

237 3595 485 3684 praefulgebant,
518 3594 555 3657 in
589 3594 746 3680 superiori
777 3596 925 3659 tractatu
957 3594 1060 3659 lector
1090 3593 1172 3659 satis
1200 3595 1285 3660 clare

238 3702 360 3787 poterit
395 3698 576 3785 pervidere,
614 3698 642 3762 si
680 3696 853 3783 diligentia
891 3718 930 3761 ea
964 3719 1038 3782 quae
1075 3698 1285 3764 recitavimus

237 3808 372 3869 conetur
400 3802 567 3887 inspicere.
618 3800 726 3886 Igitur
755 3821 793 3865 ea
823 3820 896 3885 quse
920 3800 1067 3887 superius
1091 3800 1286 3867 sufficienter

237 3904 511 3993 pertractavimus
542 3903 637 3969 nobis
672 3904 716 3969 ab
745 3925 781 3967 re
810 3902 945 3969 videtur
970 3904 1007 3967 in
1036 3904 1098 3969 hoc
1132 3906 1285 3989 opusculo

119 4064 129 4085 ,
237 4011 358 4075 iterum
390 4007 536 4087 recitare,
560 4029 633 4073 cum
656 4005 752 4072 istius
782 4004 861 4071 libri
884 4006 1043 4091 quaslibet
1065 4007 1235 4092 particula,
1256 4010 1285 4072 si

237 4113 370 4177 volvere
399 4110 542 4175 voluerit
571 4109 673 4173 lector
696 4112 730 4173 et
753 4107 931 4188 revolvere,
953 4109 1121 4196 voluptati
1150 4132 1219 4175 suae
1248 4111 1285 4182 in

237 4214 298 4281 hac
320 4218 414 4301 parte
436 4212 621 4279 satisfaciet.

639 4428 888 4495 Gourrunsrro.

284 4624 390 4691 Nvuc
417 4626 456 4691 de
487 4625 584 4712 regiis
619 4624 727 4710 pueris
751 4622 878 4709 aliquid
905 4628 955 4690 est
982 4624 1163 4691 dicendum.
1209 4622 1287 4691 Non

244 4729 412 4795 vacabunt
429 4729 528 4795 lande
550 4732 610 4793 tua
631 4727 760 4813 pagina
780 4732 910 4809 nostrae,
933 4726 1015 4794 felix
1036 4750 1117 4815 puer
1138 4728 1287 4795 Wistane
