3567 5800
913 886 1006 935 Da
1051 885 1286 937 onsrls
1333 884 1575 937 RBGUM
1621 884 2009 936 Axon—nr.
2062 870 2166 943 41,
2220 870 2319 932 42.
2533 870 2662 933 299

557 1071 920 1157 publicaret
963 1071 1361 1158 languorem,
1416 1071 1592 1157 quod
1652 1075 1723 1138 et
1784 1070 1920 1137 suis
1965 1070 2229 1137 futurus
2292 1075 2463 1138 esset
2523 1089 2670 1134 con-

558 1174 840 1260 temptui
885 1178 954 1240 et
997 1174 1298 1241 hostibus
1342 1175 1647 1241 irrisioni.
1743 1173 1909 1240 Haec
1954 1195 2175 1240 secum
2220 1172 2553 1239 tractabat
2596 1173 2669 1238 in

559 1284 804 1342 secreto
850 1276 1061 1345 cordis
1120 1278 1238 1343 sui.
1333 1277 1582 1342 Verum
1643 1278 1804 1363 quia
1862 1299 2042 1342 nunc
2106 1276 2391 1342 sanitate
2459 1296 2672 1341 sucee-

559 1379 756 1456 dente
813 1380 1117 1466 languori
1161 1382 1248 1446 ab
1292 1380 1409 1446 illa
1461 1384 1645 1466 peste
1705 1379 2063 1458 convaluit,
2110 1378 2191 1444 de
2238 1399 2383 1444 meo
2427 1400 2669 1465 praesu-

558 1507 741 1550 mens
783 1484 1032 1551 auxilio
1079 1489 1310 1551 eontra
1369 1485 1684 1550 barbaros
1729 1485 1979 1551 iustum
2040 1483 2289 1548 bollum
2338 1483 2667 1569 suscipiat,

558 1592 628 1653 et
693 1587 776 1652 ab
839 1588 1214 1653 imminenti
1279 1587 1568 1675 periculo
1631 1609 1781 1653 suos
1848 1587 2311 1673 compatriotas
2378 1583 2671 1672 eripiat.”

560 1689 904 1776 Exurgens
948 1712 989 1754 a
1033 1691 1277 1757 somnis
1323 1691 1428 1755 vir
1471 1689 1865 1755 venerabilis
1907 1689 2278 1755 Haroldum
2322 1688 2506 1764 adiit,
2552 1710 2669 1753 ex-

560 1795 745 1878 ponit
807 1792 1155 1870 oraculum,
1228 1798 1296 1859 et
1362 1814 1447 1857 ne
1515 1793 1873 1879 surriperet
1934 1791 2284 1868 haesitatio,
2347 1794 2667 1857 secretum

559 1894 723 1960 illud
767 1895 944 1981 quod
991 1899 1258 1961 sanctus
1306 1897 1586 1961 iusserat
1638 1896 1881 1981 aperiri
1926 1895 2071 1981 ipso
2122 1894 2408 1960 multum
2460 1894 2668 1958 admi-

558 2001 748 2062 rante
806 1999 1138 2065 reseravit.
1247 1998 1432 2062 Tunc
1489 1998 1601 2062 ille
1660 1997 1910 2063 coelesti
1940 2030 1944 2036 ·
1969 1996 2395 2083 promissione
2454 1996 2667 2062 factus
2689 2016 2850 2066 Baustaa
2878 2026 2922 2062 ω

562 2099 886 2178 audacior,
933 2102 1003 2165 in
1050 2122 1254 2170 manu
1297 2101 1520 2166 valida
1571 2122 1778 2186 usque
1837 2100 1924 2165 ad
1968 2100 2373 2186 provinciam
2419 2099 2665 2164 Ebora·
2688 2083 2990 2200 {ssfssssffi

560 2225 814 2270 oensem
859 2205 1294 2290 progrediens,
1341 2205 1415 2268 in
1455 2204 1598 2269 loeo
1644 2205 1760 2290 qui
1806 2207 1965 2268 tunc
2005 2201 2663 2288 Steinefordebrigge‚
2690 2217 2826 2294 (nau
2842 2222 2902 2266 ιη,-

560 2327 737 2370 nunc
793 2311 1015 2372 autem
1077 2328 1162 2371 ex
1220 2307 1316 2371 rei
1377 2312 1621 2372 eventu
1681 2305 1886 2372 etiam
1939 2305 2114 2370 Pons
2177 2305 2346 2370 Belli
2406 2305 2665 2384 dicitur,
2692 2286 2834 2346 bUd-‘J
2846 2310 2866 2326 ''
2886 2306 2910 2334 ³·

563 2409 781 2475 hostes
814 2409 1104 2475 offendit.
1217 2409 1662 2494 Consertoque
1705 2409 1940 2496 proelio
1986 2408 2127 2473 dux
2170 2414 2451 2493 uterque
2525 2428 2674 2495 pro-

557 2512 891 2593 sternitur,
977 2534 1097 2577 rex
1158 2512 1468 2578 videlicet
1513 2512 1581 2576 N
1583 2534 2079 2599 orwagenorum
2134 2517 2203 2577 et
2259 2510 2464 2576 frater
2526 2533 2673 2598 pro-

561 2617 744 2704 prius
788 2615 1052 2701 Anglici
1110 2615 1280 2701 regis
1346 2616 1629 2696 Tostius,
1680 2637 1975 2702 peneque
2037 2618 2221 2681 totus
2289 2635 2512 2680 eorum
2576 2619 2676 2680 est

565 2719 817 2785 deletus
884 2719 1224 2784 exercitus,
1334 2718 1572 2804 Itaque
1648 2718 1825 2804 quod
1890 2719 1972 2784 de
2040 2719 2297 2783 duobus
2357 2717 2673 2783 fratribus

565 2822 780 2887 adhue
838 2823 1056 2909 pueris
1114 2823 1308 2909 longe
1369 2827 1528 2886 ante
1587 2822 2005 2910 praedixerat,
2063 2825 2131 2886 et
2191 2821 2370 2907 quod
2429 2822 2673 2886 recenti

563 2926 817 2992 visione
884 2948 1002 2991 rex
1062 2932 1326 2991 sanctus
1393 2926 1803 3012 promiserat,
1865 2947 2002 2990 una
2063 2924 2346 2990 Haroldi
2396 2924 2674 2990 victoria

567 3031 964 3117 completum
1009 3051 1164 3106 esse,
1213 3050 1409 3094 nemo
1459 3029 1621 3117 [est]
1669 3028 1788 3116 qui
1833 3028 2147 3115 ambigat.

1412 3342 1568 3408 Cir.
1619 3340 1839 3405 XLII.

735 3526 1025 3616 Quando
1070 3526 1409 3615 apparuit
1453 3527 1539 3592 in
1585 3525 1857 3594 ecclesia
1902 3526 2187 3594 cuidam
2231 3548 2391 3594 coeco
2437 3534 2496 3592 et
2699 3500 2914 3617 fflfffl'ss'gss
2946 3591 2954 3619 -.

1379 3629 1651 3696 curavit
1696 3651 1869 3698 eum.
2696 3634 2998 3766 {tinxi-w„

659 3819 839 3885 FUIT
896 3826 1216 3907 praeterea
1277 3819 1349 3884 in
1425 3820 1821 3886 monasterio
1896 3817 2077 3886 beati
2152 3820 2336 3886 Petri
2410 3820 2673 3886 iuvenis
2700 3841 2830 3891 oun·
2858 3851 2902 3887 ..ι
2946 3859 2966 3887 st

571 3922 746 3987 haud
807 3923 1136 4010 ignobilis,
1198 3923 1465 3988 decorus
1528 3922 1797 4010 quidem
1857 3924 2087 4002 forma,
2157 3924 2273 3989 sed
2333 3925 2675 4008 utriusque
2701 3908 2942 4025 312¹ss

564 4025 795 4089 sideris
854 4026 1158 4111 privatus
1219 4026 1440 4090 officio.
1567 4025 1792 4091 Huius
1854 4027 2331 4113 compatientes
2391 4027 2675 4092 miseriae

567 4127 835 4213 quidam
901 4129 1049 4214 [qui
1110 4127 1297 4214 tuno]
1361 4138 1688 4214 praeerant
1749 4129 2048 4194 coenobio
2111 4150 2457 4216 campanas
2529 4151 2676 4194 cum

567 4229 806 4315 quibus
858 4230 1094 4296 fratres
1146 4230 1232 4294 ad
1287 4231 1596 4318 quaelibet
1657 4230 1913 4321 agenda
1974 4232 2368 4309 citabantur,
2421 4231 2679 4318 pulsare

566 4335 914 4409 iusserunt,
947 4338 1015 4398 et
1046 4340 1256 4399 certas
1285 4334 1476 4399 horas
1521 4334 1843 4422 certisque
1874 4334 2242 4422 quibusque
2267 4332 2285 4369 ¹
2322 4334 2681 4401 sollemniis

567 4438 919 4525 deputatas
963 4436 1410 4524 cymbalorum
1458 4438 1682 4504 sonitu
1715 4439 2075 4527 designare.
2179 4438 2443 4526 Agebat
2472 4439 2680 4527 igitur

644 4730 659 4761 ¹
691 4737 854 4778 certas
889 4729 1038 4781 Ῐιοναε
1075 4729 1313 4792 certisque
1345 4728 1637 4795 quibusque]
1693 4736 1884 4781 ceteras
1918 4730 2069 4782 horas
2112 4731 2263 4783 certis
2300 4733 2694 4799 quibuscunque,

573 4808 774 4859 Ailred.
