3567 5800
464 924 512 976 ur
534 922 650 976 ossus
672 922 793 974 suoru
814 923 1013 975 suun-111.
1037 911 1067 975 2.
1248 910 1290 983 17

237 1116 344 1201 utque
379 1113 427 1181 sio
473 1114 680 1201 insequentes
725 1113 926 1180 adversarios
963 1112 1163 1201 fugientem¹
1210 1114 1288 1181 illue

235 1221 439 1308 pervenisse.
500 1220 662 1287 Subulous
711 1220 814 1308 igitur
845 1219 955 1287 verbis
1003 1220 1092 1287 illius
1130 1220 1286 1299 credulus,
1300 1208 1386 1267 ΑΜ

237 1330 351 1390 motus
374 1324 500 1411 pietate
523 1345 602 1390 oura
632 1323 788 1411 diligenti
810 1324 841 1390 ei
862 1324 943 1390 vitae
973 1326 1154 1391 neoessuria
1175 1281 1419 1425 mims-gisfsyooef

233 1428 352 1506 travit
399 1426 549 1513 Contigit
570 1431 682 1493 autem
696 1426 868 1492 subulcum
892 1426 932 1493 de
958 1448 1047 1493 more
1070 1426 1123 1493 die
1145 1428 1287 1515 quodam
1299 1425 1455 1543 amedeus

234 1551 352 1618 poreos
381 1530 424 1595 sd
452 1529 550 1596 solita
571 1550 685 1617 eogere
710 1550 837 1616 pascua,
870 1535 905 1594 et
934 1552 1043 1617 regem
1077 1531 1182 1597 solum
1213 1508 1440 1610 eumh,i,1⁸·}'¹⁰⁰'

234 1632 366 1698 subulci
387 1653 490 1697 uxore
512 1632 599 1697 domi
613 1630 760 1697 residere.
807 1630 956 1717 Cumque
971 1633 1089 1698 mulier
1109 1632 1167 1699 illu
1187 1656 1287 1721 pones
1299 1626 1363 1677 vise.

234 1734 469 1801 subcinericios
490 1734 528 1799 in
552 1734 629 1821 igne
652 1734 696 1799 ad
719 1733 924 1821 coquendum
950 1736 1118 1821 posuisset,
1150 1740 1185 1801 et
1213 1736 1286 1801 eliis

234 1839 370 1903 intenta
399 1837 540 1923 negotiis
570 1857 671 1923 penes
700 1836 835 1902 adustos
863 1837 1093 1925 oonspexisset,
1125 1860 1203 1905 mox
1236 1840 1286 1904 in·

234 1936 378 2025 dignata
400 1957 511 2022 regem
533 1936 730 2023 increpavit,
753 1934 884 2001 dioens:

396 2038 494 2099 Urere
508 2055 583 2115 quos
597 2038 696 2098 uernis
710 2056 804 2116 panes
818 2038 919 2115 girare
933 2039 1070 2111 moruris,

397 2130 474 2193 Cum
487 2131 612 2191 nimium
625 2131 738 2209 gsudes
751 2131 806 2190 hos
820 2130 998 2191 munduosre
1013 2132 1152 2193 solentes.

280 2226 328 2291 At
364 2246 425 2290 rex
466 2224 605 2291 demisso
634 2225 733 2291 vultu
766 2223 879 2292 multis
920 2224 1088 2291 lacessitus
1129 2226 1283 2294 conviciis

231 2350 303 2395 non
324 2329 430 2394 solum
464 2348 563 2415 penes
588 2327 721 2414 giravit,
751 2348 867 2393 verum
890 2328 990 2393 etism
1012 2327 1097 2395 bene
1120 2333 1226 2395 ooctos
1249 2335 1284 2396 et

230 2432 381 2519 integros
418 2430 548 2497 mulieri
584 2429 772 2517 resignavit.
845 2428 993 2517 Cumque
1027 2452 1086 2495 rex
1129 2432 1283 2499 Alfredus

231 2535 304 2600 sive
342 2533 507 2601 Aluredus
536 2554 611 2599 oum
648 2532 783 2599 subuleo
812 2532 900 2599 solus
938 2533 1125 2600 demoratus
1156 2534 1281 2617 fuisset,

231 2642 460 2703 convenerunt
482 2635 524 2702 ad
547 2658 622 2702 eum
643 2636 692 2700 ibi
714 2636 811 2701 multi
834 2656 877 2703 ex
891 2636 1168 2703 commilitonibus
1192 2638 1261 2704 eius
1273 2666 1281 2719 ;

232 2740 294 2806 ubi
331 2762 407 2829 rege
447 2739 596 2805 dictante
632 2738 827 2805 firmitatem
864 2739 1030 2825 quandam
1062 2740 1210 2806 turribus
1248 2747 1281 2807 et

230 2842 486 2932 propugnaculis
509 2842 674 2910 munitam
695 2848 920 2911 construentes
943 2840 1090 2910 assiduus
1112 2842 1148 2910 in
1171 2842 1281 2918 hostes

229 2948 430 3036 irruptiones
450 2947 606 3014 feserunt

231 3188 483 3255 cornuum-10.
559 3186 602 3252 Ut
634 3205 692 3252 reu
722 3184 889 3271 Alfvedus
932 3186 1001 3254 siue
1038 3187 1218 3256 Aturedus
1255 3211 1447 3280 anogvvens.

252 3298 371 3358 macto
391 3290 518 3358 Neotto
540 3295 719 3376 essedoque
736 3287 911 3356 Outtberto
935 3289 1142 3377 confortatus
1157 3291 1277 3379 suerit.
1290 3285 1394 3399 fflh

226 3493 229 3496 -
277 3447 447 3514 Comolr
483 3443 596 3510 eodem
633 3447 780 3530 tempore
829 3463 940 3530 regem
975 3443 1151 3511 Aifredum
1206 3413 1395 3545 sivefflj

228 3549 413 3616 Aluredum
442 3552 592 3613 sanetum
623 3545 801 3626 Neothum,
835 3545 893 3632 qui
924 3551 1005 3612 tuno
1035 3550 1122 3636 apud
1148 3549 1276 3637 Hamp-
1290 3548 1427 3611 (inserer,

228 3653 327 3722 stoke
366 3651 544 3718 solitariam
587 3648 707 3736 egebat
741 3649 854 3728 vitam,
903 3648 1132 3717 aedificationis
1166 3655 1276 3740 gratia
1288 3621 1378 3745 {1212
1386 3633 1407 3668 ‘²'

227 3758 374 3822 visitare.
429 3755 535 3835 Quem
557 3753 611 3818 vir
634 3750 699 3816 Dei
722 3751 873 3818 Neothus
902 3753 990 3818 inter
1020 3755 1085 3820 eliu
1107 3755 1361 3822 familiari-visits

227 3859 313 3926 tatis
342 3857 503 3944 colloquia
531 3855 651 3921 aeriter
687 3855 727 3919 de
769 3856 836 3920 suis
870 3857 982 3942 pravis
1014 3858 1142 3923 actibus
1174 3859 1277 3924 inore·
1290 3827 1408 3881 Mem·

226 3961 335 4051 parit,
357 3981 471 4047 poenus
500 3957 587 4046 ignis
612 3957 728 4023 aetemi
757 3959 918 4045 apposuit,
942 3964 1093 4045 potentes
1122 3967 1276 4048 potenter

226 4067 398 4131 tormenta
434 4081 585 4150 passuros
629 4060 784 4140 ostendit,
830 4066 865 4127 et
909 4067 1031 4148 prester
1063 4063 1134 4128 haeo
1166 4065 1276 4134 omnis

226 4168 299 4232 fere
328 4187 401 4252 quae
437 4165 468 4229 ei
505 4162 650 4228 uffutmu
694 4168 790 4228 erent
831 4185 979 4251 praesago
1025 4165 1145 4252 spiritu
1182 4187 1275 4232 reve·
1379 4243 1381 4248 ,

224 4270 322 4336 lavit.
360 4266 448 4333 “Ab
471 4265 676 4345 adversariis,
699 4265 787 4344 rex,''
809 4265 931 4352 inquit,
968 4267 1104 4334 “multa
1130 4269 1272 4354 pateris:

225 4371 289 4440 sed
325 4369 435 4436 sdhue
465 4369 572 4434 multa
604 4368 728 4434 maiora
758 4369 901 4456 patieris.
947 4368 980 4432 N
982 4391 1036 4434 am
1066 4391 1176 4458 regno,
1210 4394 1274 4458 quo

224 4483 348 4554 tumes,
379 4494 443 4560 quo
476 4471 727 4538 immoderatam
763 4471 1018 4539 debaechando⁹
1063 4474 1273 4560 tyrannidem

221 4787 422 4918 Mgsnpientem]
435 4787 499 4854 Rog.
507 4788 611 4849 Wend.;
623 4787 727 4853 tugienu
811 4787 821 4818 ¹
832 4785 1013 4856 detrectando]
1026 4791 1193 4854 dehortando,
1206 4791 1275 4858 MS),

320 4963 397 5013 von
414 4963 450 5013 11.
805 4950 813 4958 ’
1120 4969 1141 5015 s
