3567 5800
480 788 544 850 296
736 801 803 850 luo.
826 801 873 850 nn
895 803 1031 853 omaso.
1053 804 1144 854 suso.
1168 805 1256 854 mss.

478 976 643 1064 applicuit
676 979 730 1044 Ibi
750 1001 860 1066 regem
876 981 970 1066 quasi
984 981 1153 1046 viventem
1169 982 1375 1059 conveniens,
1400 987 1419 1016 “
1433 980 1527 1044 Tune

477 1078 540 1158 es,''
566 1080 684 1167 inquit,
713 1091 730 1116 “
744 1082 809 1160 ille,
833 1083 890 1168 qui
912 1084 1118 1170 corruptibili
1140 1083 1248 1151 adhue
1270 1106 1367 1149 earne
1391 1084 1525 1149 eircum-

476 1183 574 1248 ‹latus
597 1183 719 1250 debiles
742 1190 776 1251 et
799 1191 939 1273 aegrotos
961 1186 1087 1252 eoelesti
1111 1186 1239 1253 virtute
1268 1187 1428 1253 curabm
1480 1185 1527 1248 Et

476 1307 537 1372 ego
559 1287 702 1372 quidem,
719 1288 849 1354 domine
871 1289 928 1368 mi,
947 1289 1169 1356 membrorum
1192 1290 1401 1376 dispendium
1421 1287 1528 1353 levius

477 1394 511 1452 te
534 1389 670 1456 vivente
695 1389 848 1471 ferebam,
871 1413 947 1457 eum
969 1392 1031 1458 hae
1061 1392 1145 1458 mihi
1167 1414 1264 1458 eausa
1293 1392 1360 1458 eibi
1389 1395 1528 1479 potusve

476 1491 601 1558 deliciae
624 1498 798 1580 vestesque
819 1495 1009 1561 necessariae
1032 1495 1250 1584 eopiosissime
1278 1498 1526 1582 praestarentur.

475 1594 524 1656 At
553 1617 640 1661 nuno
669 1596 874 1662 infirmitatis
904 1597 1018 1684 inopia
1047 1597 1236 1663 cumulante
1265 1598 1439 1674 miseriam,
1469 1601 1530 1660 aut

476 1701 514 1761 tu
545 1697 624 1782 quid
654 1697 738 1763 mihi
768 1699 958 1765 faciendum
987 1699 1041 1777 sit,
1070 1721 1136 1786 quo
1171 1700 1410 1778 divertendum,
1434 1699 1528 1764 aurius

475 1800 690 1886 supplicanda
738 1802 901 1878 maiestas,
940 1802 1034 1868 ouius
1077 1803 1183 1890 pietas
1229 1803 1421 1890 expetenda,
1459 1824 1528 1868 uon

476 1907 592 1984 taceas,
623 1909 683 1970 aut
712 1905 783 1990 ipse
815 1905 912 1970 solito
935 1905 1055 1992 [more]
1079 1904 1240 1972 medicam
1269 1927 1405 1971 manum
1434 1904 1529 1969 adhi-

475 2005 574 2084 beas;
607 2009 648 2070 ut
669 2007 748 2092 quia
770 2006 813 2072 ad
838 2007 1028 2094 spirituales
1050 2007 1170 2094 quibus
1192 2030 1281 2073 nuno
1303 2007 1422 2072 frueris
1444 2006 1527 2072 mihi

474 2107 523 2172 fas
548 2129 616 2173 non
639 2113 689 2174 est
714 2110 856 2196 aspirare
881 2110 1021 2188 delicias,
1041 2111 1191 2176 membra
1212 2110 1295 2174 mihi
1317 2110 1438 2196 quibus
1460 2131 1528 2174 oor·

474 2209 600 2296 porales
626 2211 798 2295 adquiram
824 2212 954 2298 potenti
978 2213 1105 2278 virtute
1128 2211 1317 2278 restituas.’'
1362 2213 1527 2290 Dixerat3

474 2317 508 2376 ot
530 2311 621 2380 eoeel
652 2333 730 2378 mox
753 2312 932 2381 sanctitas¹
957 2314 1044 2402 regis
1065 2315 1209 2392 emicuit,
1238 2314 1383 2380 effloruit
1405 2315 1525 2402 gratia,

473 2415 579 2500 pistas
601 2416 755 2480 invocata
777 2416 988 2504 resplenduit
1035 2416 1099 2483 Vis
1121 2417 1212 2482 enim
1227 2418 1378 2505 quaedam
1397 2416 1526 2482 occulta

473 2518 583 2582 subito
620 2539 739 2583 nervos
776 2519 930 2586 extendit
967 2520 1004 2584 in
1041 2519 1228 2585 naturalem
1266 2526 1402 2599 statum,
1431 2541 1528 2584 arura

472 2620 634 2706 pedesque
664 2625 858 2706 retorquet3
892 2622 1081 2710 evulsisque
1103 2644 1125 2686 a
1145 2645 1244 2688 earne
1275 2623 1422 2688 articulis
1453 2644 1528 2686 san-

470 2721 545 2808 guis
578 2721 723 2809 profluit,
748 2723 972 2810 paulatimque
998 2746 1093 2790 suooo
1116 2728 1285 2811 resumpto
1319 2723 1413 2790 arida
1434 2725 1528 2810 prius

472 2849 544 2891 ossa
580 2827 759 2915 pristinum
797 2829 898 2894 robur
931 2828 1104 2918 recipiunt
1175 2828 1332 2895 Gaudent
1375 2834 1527 2894 astantes

471 2930 607 2996 eandem
630 2930 667 2997 in
690 2936 821 2997 mortuo
845 2954 944 3019 quam
967 2933 1005 2997 in
1026 2932 1162 2997 vivente
1184 2932 1343 2998 viderant
1366 2932 1528 2997 effulsisse

471 3034 640 3112 virtutem,
657 3037 691 3098 et
712 3034 832 3099 exhinc
854 3056 961 3100 sacras
982 3034 1141 3100 Edwardi
1160 3036 1315 3121 reliquias
1338 3040 1374 3100 et
1388 3034 1529 3100 visitem

472 3136 675 3221 frequentius
699 3141 733 3201 et
759 3137 952 3223 propensius
973 3137 1135 3203 honorare
1157 3138 1362 3225 satagebant,
1386 3137 1529 3202 seientes

473 3238 516 3302 ad
539 3238 703 3303 sanandos
725 3238 873 3303 infirmos
895 3240 1091 3326 morbosque
1114 3241 1282 3327 pellendos
1309 3240 1526 3327 apostolieam

471 3342 613 3426 gratiam
638 3341 669 3406 ei
692 3362 762 3407 non
784 3342 903 3407 deesse
960 3342 1062 3407 Porro
1084 3344 1136 3407 vir
1158 3342 1215 3408 ille
1236 3343 1375 3429 reoeptis
1397 3342 1529 3407 viribus

472 3444 568 3507 stetit
589 3465 689 3529 supra
714 3444 814 3530 pedes
835 3466 923 3524 suos,
951 3445 1078 3531 gratias
1106 3468 1206 3533 agens
1236 3445 1308 3511 Deo
1338 3452 1374 3511 et
1404 3450 1528 3511 sanato

472 3546 541 3631 regi
572 3544 738 3611 Edwardo
769 3546 826 3632 qui
860 3551 936 3633 post
968 3547 1111 3634 primam
1139 3548 1283 3635 gratiam
1312 3571 1379 3633 qua
1411 3547 1524 3613 debile

473 3669 588 3732 corpus
614 3646 741 3713 aluerat
770 3670 858 3713 nuno
887 3649 1061 3715 secundam
1093 3649 1237 3716 adiciens
1266 3650 1372 3738 ipsam
1402 3649 1523 3715 debili-

472 3755 577 3815 tatem
600 3755 777 3816 amoverat.
1264 3758 1270 3769 '

902 4041 984 4105 Car.
1009 4038 1083 4104 XL.

301 4146 400 4206 aitrau,

301 4213 415 4328 322⁰&
498 4218 559 4293 ‚Da
581 4240 637 4283 aaa
659 4218 752 4283 scaeis
775 4226 805 4285 et
826 4241 899 4285 arao
920 4218 1100 4285 anomala
1121 4218 1170 4286 od
1191 4216 1266 4284 eiras
1288 4218 1487 4305 optumam

300 4316 452 4406 Live’s‚etc.‚
927 4322 1071 4389 sanata.

303 4428 343 4476 n>-
358 4417 413 4473 1³⁸,

302 4482 360 4530 ³⁷⁶·
518 4486 675 4551 Dlxuws
705 4485 838 4551 beatum
869 4485 1077 4577 Edwardum·
1103 4484 1274 4571 specialem
1304 4484 1341 4548 in
1371 4484 1526 4549 amandis

472 4588 563 4653 oecis
586 4588 666 4653 dum
696 4588 803 4653 adhue
832 4588 963 4653 viveret
991 4587 1145 4653 habuisse
1166 4588 1349 4652 virtutemt
1382 4585 1523 4650 hancei

801 4829 807 4857 ¹
826 4826 959 4892 sanemus]
979 4825 1125 4888 maiam,
1136 4824 1193 4877 MS.
