3567 5800
511 809 574 880 276
777 825 842 875 ruo.
866 827 913 876 nn
935 825 1067 876 munuc.
1090 826 1179 876 eruc.
1203 827 1288 877 msr.

345 1029 393 1063 ⁰110
403 1011 474 1063 blind
513 1010 598 1075 oculi
635 1010 780 1076 fruentes
817 1011 944 1077 solacio.
1014 1011 1100 1076 Nam
1140 1011 1247 1076 tribus
1285 1010 1377 1074 omni
1414 1009 1557 1095 privatis

347 1081 432 1130 osone
442 1093 497 1146 050·
512 1113 635 1178 lumine
658 1135 744 1178 unus
758 1113 900 1200 praeibat
914 1112 1114 1189 monoculae,
1129 1114 1166 1178 in
1180 1113 1307 1178 modico
1329 1113 1425 1199 plane
1438 1111 1555 1184 fidelis,

513 1221 552 1282 ut
573 1216 679 1281 multa
700 1216 841 1303 recipere
863 1223 1049 1282 mereretur.
1096 1215 1305 1302 Competitur
1319 1217 1423 1280 tantis
1444 1214 1559 1278 eadem

514 1319 700 1386 calamitate
738 1319 966 1386 laborantibus
1003 1318 1138 1406 quidam
1184 1319 1225 1383 de
1261 1317 1428 1405 palatinis
1490 1315 1560 1394 Qui

514 1427 642 1487 tantam
660 1443 707 1487 ex
740 1421 826 1509 regie
848 1421 1001 1488 manibus
1021 1422 1140 1487 videns
1161 1420 1268 1486 exisse
1290 1420 1461 1498 virtutem,
1483 1438 1560 1504 por·

513 1525 637 1590 tionem
659 1547 754 1611 uquae
775 1546 841 1612 qua
862 1524 972 1590 fuerat
992 1525 1053 1589 lux
1074 1545 1159 1590 caeco
1181 1524 1337 1588 restituta
1358 1523 1423 1587 fide
1445 1520 1560 1606 plenus

514 1629 568 1713 pio
603 1627 692 1692 furto
729 1627 888 1714 surripuit
910 1628 1045 1693 credens
1074 1626 1166 1691 illam
1195 1623 1317 1690 etiam¹
1350 1625 1386 1688 in
1409 1623 1560 1711 plurimis

513 1734 684 1816 operatum
707 1729 778 1810 iro,2
794 1727 883 1816 quod
901 1730 951 1816 [in
965 1728 1047 1814 uno]
1070 1729 1240 1794 evidenter
1262 1725 1359 1792 eam³
1372 1727 1503 1792 viderat
1525 1731 1561 1790 et

515 1832 688 1898 efficaciter
711 1837 887 1919 operatam.
935 1831 1114 1918 Egreditur
1135 1831 1179 1895 ad
1201 1831 1335 1895 miseros
1357 1829 1410 1894 vir
1431 1827 1560 1906 fidelis;

515 1941 610 2021 rogat
632 1934 795 2000 confidere
817 1933 854 2000 in
877 1933 1030 2011 Domino,
1064 1937 1099 1998 et
1131 1955 1191 2020 per
1212 1933 1331 1998 merita
1351 1932 1456 1997 saneti
1476 1931 1562 2015 regis

515 2037 731 2122 reparandam
764 2037 828 2102 sibi
859 2036 989 2102 credere
1020 2036 1205 2100 sanitatem.
1261 2034 1389 2100 Deinde
1410 2033 1563 2098 adhibito

515 2139 646 2204 lavacro
667 2141 855 2205 tenebrosas
877 2160 1059 2226 pauperum
1079 2137 1178 2202 facies
1200 2137 1294 2215 lavit,
1317 2135 1463 2222 signavit
1491 2133 1562 2221 pol·

515 2241 583 2316 lice,
624 2246 658 2306 et
695 2247 735 2306 ut
765 2263 832 2307 non
870 2263 931 2307 sua
973 2240 1073 2318 Deus,
1112 2240 1169 2305 sed
1206 2245 1240 2305 et
1276 2238 1367 2305 beati
1397 2237 1563 2314 Edwardi,

516 2343 635 2408 merita
679 2344 836 2431 respicere
882 2345 1075 2431 dignaretur
1119 2342 1236 2408 oravit
1303 2341 1413 2406 Affuit
1447 2339 1563 2404 statim

516 2467 633 2509 manus
670 2445 813 2527 Domini,
846 2451 880 2511 et
912 2446 1064 2511 reseratis
1094 2444 1259 2532 palpebris
1291 2444 1402 2509 lumen
1435 2442 1566 2508 deside-

516 2553 627 2611 ratum
650 2545 784 2613 infudit.
831 2547 910 2613 Nox
942 2547 989 2612 eis
1021 2548 1057 2611 in
1089 2547 1178 2612 diem
1209 2548 1361 2622 vertitur,
1393 2550 1427 2611 et
1463 2545 1565 2610 facies

516 2648 691 2714 tenebrosa
728 2651 805 2716 solis
851 2650 1022 2738 splendore
1058 2649 1277 2736 perfimditur.
1345 2648 1402 2714 Ita
1438 2652 1564 2734 septem

516 2751 656 2817 lucernae
678 2774 720 2817 ex
735 2753 882 2818 uirorum
898 2758 1040 2838 quatuor
1062 2751 1171 2816 fronte
1193 2751 1338 2815 lucentes
1361 2750 1562 2814 Edwardum

516 2860 665 2920 nostum
689 2855 856 2921 clariorem
872 2855 998 2921 cunctis
1021 2855 1147 2921 saeculis
1161 2852 1385 2920 reddiderunt.
1423 2851 1507 2918 Haeo
1521 2852 1566 2917 de

516 2958 609 3023 caecis
644 2959 764 3045 quibus
786 2960 895 3025 visum
926 2958 1074 3024 restituit
1104 2958 1241 3023 interim
1271 2956 1437 3044 scripsisse
1472 2954 1564 3020 suffi-
1693 3006 1697 3011 .

516 3061 617 3139 ciunt,
634 3065 673 3126 ut
695 3063 732 3125 in
747 3060 808 3126 hoc
829 3062 948 3127 ultimo
962 3060 1118 3125 miraculo
1140 3060 1261 3147 quode
1284 3064 1408 3145 septem
1422 3057 1566 3123 lucernis

516 3162 651 3229 fecimus
673 3164 872 3229 mentionem
906 3156 1017 3249 regem
1039 3167 1189 3227 sanetum
1211 3160 1396 3248 septiformi
1418 3160 1565 3247 Spiritus

517 3266 633 3331 Sancti
674 3266 784 3353 gratia
821 3264 994 3330 doceamus
1031 3286 1100 3330 esse
1136 3264 1298 3351 repletum
1337 3264 1390 3329 oui
1426 3264 1566 3349 spiritus

517 3367 645 3433 timoris
669 3367 806 3433 Domini
833 3367 979 3454 depulsis
1001 3365 1163 3453 superbiae
1190 3365 1335 3431 tenebris
1365 3362 1567 3431 humilitatis

517 3470 647 3534 oculum
678 3470 859 3549 reseravit3
904 3470 955 3534 cui
1001 3468 1211 3533 infidelitatis
1248 3468 1397 3533 oaecitate
1433 3467 1568 3531 detersa

516 3571 594 3635 fidei
627 3570 738 3637 lumen
771 3572 907 3657 spiritus
940 3570 1076 3657 pietatis
1106 3568 1252 3650 infudit3
1295 3590 1393 3655 quem
1426 3567 1567 3656 spiritus

517 3672 661 3739 scientiae
706 3674 821 3760 fugata
866 3673 1004 3760 caligine
1051 3670 1207 3737 falsitatis
1250 3671 1376 3737 lumine
1413 3672 1568 3736 veritatis

516 3774 715 3851 illustravit3
749 3797 847 3862 quem
870 3776 1005 3863 spiritus
1026 3774 1234 3841 fortitudinis
1256 3775 1383 3841 cunctis
1404 3782 1474 3841 tum
1494 3796 1570 3840 cor·
1592 3806 1600 3820 ·

516 3878 685 3963 poralibus
701 3898 800 3963 quam
816 3878 1020 3964 spiritalibus
1041 3877 1187 3943 reddidit
1212 3877 1363 3943 hostibus
1378 3878 1567 3960 fortiorem

516 3980 574 4065 qui
612 3980 756 4045 tenebris
789 3979 986 4066 ignorantiae
1023 3980 1125 4066 pulsis
1162 4002 1220 4066 per
1251 3980 1406 4067 spiritum
1437 3981 1566 4046 consilii

516 4082 628 4148 lumen
673 4082 879 4147 discretionis
919 4083 1064 4169 optinuit
1076 4108 1085 4164 ;
1130 4104 1227 4169 quem
1266 4083 1306 4148 de
1343 4084 1484 4148 terrenis
1521 4084 1569 4149 ud

516 4186 669 4264 ooelestia,
694 4186 734 4250 de
760 4185 983 4271 corporalibus
1003 4185 1047 4249 cd
1073 4184 1243 4271 spiritulia,
1267 4185 1308 4250 de
1330 4190 1425 4251 nocte
1446 4185 1570 4250 mundi

516 4288 613 4352 huius
639 4288 682 4351 ad
705 4287 1014 4373 contemplationem
1036 4288 1219 4354 ooelestium
1241 4287 1406 4352 luminum
1428 4288 1569 4374 spiritus

515 4389 688 4455 transtulit
709 4389 918 4471 intellectus;
955 4410 1054 4476 quem
1076 4389 1274 4477 prophetice)
1296 4390 1379 4455 lucis
1399 4391 1510 4475 gratia
1531 4398 1570 4456 et

518 4560 626 4568 ...u—..u-
652 4560 767 4568 ¹....·--—.-
777 4562 820 4568 ....
846 4560 914 4567 .--ι-.-

549 4666 556 4699 ¹
574 4666 638 4719 iilam
650 4668 734 4736 etiam]
753 4669 828 4720 etiam
840 4668 918 4730 illum,
929 4668 985 4720 MS.
1080 4670 1090 4699 ³
1106 4668 1173 4735 eam]
1191 4682 1256 4729 eum,
1266 4668 1324 4719 MS.

547 4748 622 4813 rire]
641 4748 681 4808 iri,
691 4748 748 4798 MS.
831 4779 836 4791 ·
