3567 5800
734 867 896 920 raasson
1280 853 1347 918 cvii

294 1047 314 1072 “
334 1044 394 1100 tius
416 1043 591 1100 scrutinium
613 1045 721 1114 poterit
739 1044 931 1116 investigare.
970 1044 1007 1100 ad
1025 1044 1108 1100 alind
1127 1043 1199 1100 verb
1218 1047 1344 1100 sentien-
1357 1063 1515 1128 &510012120

291 1130 310 1157 “
331 1126 402 1184 dum
423 1144 470 1186 me
491 1129 553 1182 lere
574 1129 765 1200 compulisset
787 1128 879 1183 bonus
900 1127 952 1184 ille
970 1129 1113 1194 Αοιίιιοο,
1131 1130 1175 1184 ita
1196 1147 1244 1184 me
1265 1147 1343 1186 corn·
1357 1129 1400 1182 De
1413 1133 1477 1182 Situ.

289 1213 309 1238 ‘¹
328 1211 439 1283 pellare
450 1211 551 1276 risus3
572 1216 644 1268 tune
662 1212 742 1268 solus
764 1212 883 1282 ignoras
902 1229 990 1282 quam
1010 1212 1110 1277 breve,
1134 1211 1218 1270 nobis
1237 1213 1270 1268 iu
1288 1214 1344 1269 hoc

292 1298 312 1323 “
333 1295 411 1361 orbe,
437 1294 576 1366 temporis
602 1297 730 1367 spatium
763 1296 802 1352 sit
832 1295 1009 1367 exigendum
1040 1315 1198 1368 omnesque
1228 1303 1343 1354 nostros

291 1382 310 1406 “
331 1380 420 1435 etiam
436 1377 679 1434 laboriosissimos
693 1385 814 1435 conatus
835 1375 874 1433 ab
891 1379 1042 1434 inutilium
1061 1397 1214 1437 servorum
1226 1381 1343 1436 namins

291 1464 310 1488 “
330 1479 383 1517 nos
402 1479 459 1517 non
478 1479 564 1534 posse
589 1460 711 1517 reddere
743 1461 916 1518 immunes?
942 1461 1097 1538 omniaque
1120 1471 1221 1520 nostra
1246 1463 1346 1520 studia

293 1549 313 1572 ‘⁸
332 1547 458 1618 proximi
469 1565 556 1602 usum
564 1563 618 1620 pro
627 1564 713 1620 scopo
726 1546 836 1602 debent
847 1547 970 1603 baberet
982 1547 1060 1603 basol
1075 1549 1124 1604 cni
1135 1567 1266 1623 unquam
1277 1553 1348 1604 sunt

295 1634 315 1660 “
334 1631 424 1688 usui?
441 1633 562 1690 bullatis
575 1631 743 1690 istiusmodi
755 1633 845 1706 nugis
857 1631 1000 1692 mnndum
1012 1633 1132 1690 deludi!
1170 1635 1229 1690 His
1242 1634 1348 1689 merito

297 1717 316 1742 “
335 1717 511 1788 reponimus.
539 1735 576 1772 an
600 1735 671 1788 ergo
694 1717 843 1790 prohibita
871 1717 956 1773 nobis
982 1718 1070 1772 simul
1101 1719 1196 1774 omnis
1225 1719 1351 1774 honesta

297 1803 318 1828 ‘⁶
339 1800 516 1858 delectatio?
545 1821 640 1859 nonne
665 1803 779 1858 eximiae
810 1801 926 1858 divina¹
956 1801 1150 1873 providentias
1175 1801 1351 1858 documenta

297 1885 463 1958 “produnt
500 1885 668 1942 istiusmodi
705 1884 912 1943 narrationesil
947 1885 1053 1941 indens
1083 1890 1174 1958 patet,
1206 1883 1351 1956 quomodo
1458 1947 1477 1970 κ

297 1971 318 1998 “
338 1969 499 2042 Evangelia
519 1967 591 2040 [ει“σ,Ι
608 1971 681 2028 read
692 1969 887 2042 Evangelica]
911 1969 948 2024 de
969 1975 1065 2025 morte
1077 1975 1108 2025 at
1119 1969 1225 2024 meritc
1238 1968 1350 2024 Obristi

297 2055 318 2082 '‘
338 2055 438 2109 concio
457 2053 628 2110 universum
647 2054 865 2110 collustravcrit
884 2058 915 2108 et
938 2053 1046 2110 vicerit
1065 2053 1166 2110 orbem
1187 2052 1349 2124 gentilibus

298 2139 319 2166 “
340 2143 424 2194 antea
453 2137 710 2210 superstitionibus
747 2135 928 2192 obnoxium?
964 2137 1130 2193 obvertenti
1159 2153 1258 2208 porro,
1289 2153 1349 2191 ncn

299 2223 319 2248 ‘¹
339 2221 497 2294 incongrue
510 2221 585 2278 forte
594 2221 799 2292 chronologice
809 2221 979 2277 istiusmodi
987 2239 1035 2276 res
1047 2221 1080 2275 in
1091 2220 1265 2293 compendio
1274 2227 1351 2276 trac·

299 2307 320 2334 “
338 2306 405 2362 tari.
420 2306 515 2362 denuo
530 2324 648 2379 repono.
663 2323 716 2362 nec
738 2323 810 2376 ergo
828 2305 955 2360 nimium
975 2304 1136 2376 quidquem
1157 2311 1203 2362 cst
1220 2304 1349 2369 novisse,

298 2392 318 2420 ‘⁸
338 2390 462 2461 majores
481 2396 596 2448 nostros
619 2408 690 2456 non,
712 2395 747 2446 ut
766 2389 902 2445 nonnulli
923 2389 1102 2456 fabulantur,
1127 2389 1350 2446 Autoohtbcnes

300 2475 320 2504 “
340 2473 431 2530 fuisse
456 2491 472 2529 e
496 2479 576 2531 terra
597 2474 793 2547 prosilientes.
843 2473 940 2528 Deum
968 2475 1067 2546 potins
1096 2478 1209 2532 naturas
1240 2473 1350 2528 librum

300 2559 320 2586 ‘⁶
341 2557 500 2628 aperuisse,
519 2565 555 2614 ut
573 2575 608 2613 cx
630 2557 682 2613 illo
703 2561 850 2614 constaret
868 2557 971 2628 magni
995 2557 1108 2630 opificis
1127 2557 1349 2628 omnipotentia,

300 2639 435 2710 “qualis
460 2640 491 2696 in
519 2641 613 2698 Mosis
635 2641 834 2698 voluminibus
865 2640 967 2696 eadem
992 2640 1140 2714 descripta
1169 2640 1350 2713 proponitur.

300 2725 320 2754 “
340 2723 474 2795 Denique
497 2726 572 2780 forte
594 2723 791 2797 respondenti,
813 2724 961 2796 operibus,
981 2724 1098 2782 authori
1118 2724 1198 2797 apud
1218 2729 1351 2796 posteros

300 2809 320 2836 ‘¹
339 2825 445 2862 ncrnen
464 2807 641 2880 laudemque
661 2808 811 2880 parituris,
831 2807 1058 2880 exploratorium
1075 2808 1177 2881 ignem
1199 2825 1264 2866 esse
1285 2806 1352 2864 sub-

300 2894 320 2923 “
341 2892 464 2949 eundem
480 2891 560 2961 [aic],
574 2893 638 2949 hssc
650 2893 770 2965 inquam
792 2891 912 2959 dicenti,
927 2898 958 2949 et
977 2892 1010 2949 in
1029 2892 1076 2949 his
1088 2891 1268 2951 subsistendi
1283 2892 1348 2961 [sia

301 2977 321 3007 “
340 2976 386 3031 ior
407 2976 584 3045 ιιιιιιιιιιιιι]
609 2983 712 3048 gratus
731 2976 870 3048 profiteor
890 2982 1006 3033 tantum
1024 2978 1072 3033 his
1094 2978 1194 3033 verbis
1214 2977 1350 3033 efficacia

300 3062 320 3089 ‘¹
340 3060 441 3125 inisse,
467 3066 501 3115 ut
524 3061 612 3116 etiam
638 3062 758 3117 suborta
781 3060 872 3117 michi
896 3078 1115 3133 nonnumquam
1145 3061 1236 3118 suerit
1265 3060 1352 3131 carpti

302 3146 322 3171 ‘¹
341 3143 427 3215 hujus
440 3144 548 3200 laboris
561 3144 743 3216 poenitentia.
781 3145 825 3199 Ex
847 3144 941 3203 altera
960 3144 1083 3217 proinde
1104 3145 1195 3216 hujus
1216 3143 1351 3215 opusculi

302 3232 322 3257 ¹‘
342 3234 423 3300 parte
447 3234 554 3300 praeter
576 3228 818 3301 Obronclogicam
842 3246 944 3285 rerum
962 3228 1269 3284 commemorationem
1293 3244 1352 3281 am·

302 3315 322 3339 ‘⁸
341 3312 420 3384 plius
444 3312 604 3387 quidquam
635 3318 802 3386 exspectare
832 3313 908 3368 nolit
937 3310 1102 3368 Benevclus
1122 3313 1237 3377 Lector,
1263 3327 1352 3380 quem

302 3399 321 3425 “
341 3396 414 3453 adeo
433 3396 643 3455 benevolentias
665 3398 824 3469 tutelaque
849 3395 974 3461 Divinas,
999 3395 1084 3469 paria
1106 3397 1142 3452 ab
1166 3395 1231 3469 ipso
1260 3393 1352 3451 michi

303 3484 322 3509 ‘⁸
341 3480 523 3551 promittens,
538 3480 659 3537 devotus
672 3480 851 3545 commendo,
864 3498 994 3551 sperans,
1009 3486 1044 3537 ut
1062 3498 1110 3537 me
1130 3480 1220 3538 simul
1237 3479 1352 3537 ccelesti

302 3567 323 3593 “
341 3565 433 3631 Patri,
447 3566 498 3636 qui
509 3564 676 3622 misericors
689 3572 719 3623 et
731 3565 949 3623 condonationis
961 3565 1076 3637 plenus,
1090 3563 1304 3621 commendet.”

338 3648 480 3720 Oompsra
492 3650 563 3705 with
574 3648 633 3705 this
644 3650 695 3705 the
715 3649 864 3723 language
884 3649 917 3704 cf
934 3648 1088 3707 Richard’s
1109 3650 1226 3721 praiaco
1247 3654 1278 3704 ιο
1301 3648 1352 3703 the

301 3731 464 3804 speratam,
476 3733 508 3787 in
518 3732 614 3789 which
631 3734 668 3789 he
689 3732 811 3789 bundles
830 3733 880 3788 the
892 3750 965 3804 very
977 3750 1057 3788 same
1069 3732 1176 3798 theme,
1190 3732 1241 3789 the
1254 3732 1350 3787 moral

301 3816 361 3872 and
372 3816 506 3889 spiritual
518 3817 605 3889 profit
616 3822 646 3873 tc
658 3818 694 3872 be
706 3816 827 3873 derived
840 3818 916 3872 from
928 3817 979 3873 the
991 3817 1138 3889 examples
1151 3816 1184 3871 cf
1192 3816 1315 3886 history.

338 3900 377 3955 In
399 3901 448 3955 the
471 3902 587 3973 preface
611 3907 642 3958 ιο
665 3900 748 3957 Book
771 3900 814 3955 II.
839 3901 872 3956 os
892 3900 1097 3967 chenesce,
1119 3901 1170 3956 the
1191 3898 1353 3969 subjectis

301 3984 457 4041 resumedr
480 3984 616 4043 “Dicant
634 3984 708 4041 forti
727 3983 860 4041 nonnulli
880 3983 1012 4055 potuisse
1030 3982 1196 4041 istiusmodi
1217 3999 1352 4053 operam,

304 4074 443 4141 “utpote
475 4086 533 4125 non
563 4069 694 4127 absolute
723 4069 929 4135 necessariam,
961 4068 1008 4125 vel
1037 4068 1131 4123 cultui
1161 4065 1272 4129 divino,
1304 4066 1354 4119 rel

304 4155 323 4183 ‘¹
342 4153 461 4224 majoris
481 4154 621 4210 momenti
638 4155 727 4210 rebus
745 4152 884 4228 impendi.
900 4157 931 4208 at
949 4153 1043 4208 sciant
1063 4152 1108 4206 illi
1128 4155 1159 4206 et
1180 4149 1353 4205 subsecivas

305 4240 323 4267 ‘⁶
343 4236 429 4293 boras
441 4239 663 4310 mitiquitatibua
675 4238 778 4311 patriis
790 4238 968 4310 pristinique
985 4241 1133 4291 terrarum
1150 4239 1244 4291 status
1256 4234 1354 4290 inres-

305 4324 325 4350 “
343 4320 478 4392 tigaticni
503 4340 588 4393 posse
611 4321 765 4389 vindicari,
791 4327 825 4376 ut
848 4326 947 4377 tamen
969 4319 1062 4375 nichil
1090 4324 1247 4391 propterea
1271 4334 1354 4373 sacro

304 4408 324 4435 '⁸
344 4404 437 4461 cultui
449 4405 579 4461 decedat.
600 4406 647 4463 sin
658 4406 728 4463 verb
748 4406 865 4462 Mcmus
886 4403 1055 4461 istiusmodi
1075 4408 1221 4477 captatam
1240 4420 1276 4458 cx
1294 4403 1354 4458 ctio

303 4492 324 4520 ⁴¹
343 4488 425 4545 licito
436 4489 617 4562 voluptatem
628 4491 711 4547 nobis
723 4490 862 4555 inrideat,
876 4490 915 4545 ad
932 4490 1019 4545 finem
1031 4506 1191 4561 properans
1203 4494 1352 4561 metusque

305 4577 324 4603 ‘¹
340 4573 404 4647 jam
415 4574 575 4631 adstitntus
586 4575 653 4631 heic
664 4574 769 4649 pedem
782 4572 871 4646 figo.''

509 4809 517 4841 ¹
538 4809 588 4863 Sic.
623 4810 752 4878 Probably
763 4811 854 4862 eximia
864 4809 953 4861 nano
963 4824 1016 4861 raa
1027 4807 1153 4862 intended.
