3567 5800
501 888 566 951 214
760 900 828 951 me
852 900 900 950 aa
923 898 1060 951 marre.
1083 898 1173 951 erse
1197 900 1285 953 srsr.

502 1085 590 1151 Sane
616 1083 715 1149 huius
743 1087 848 1149 tantae
878 1083 1015 1149 virtutis
1055 1104 1159 1149 unum
1182 1106 1342 1171 ponamus
1373 1086 1563 1173 exemplum

503 1209 562 1275 per
588 1185 677 1273 quod
703 1184 773 1251 eius
798 1184 993 1272 simplicitas
1014 1196 1049 1250 et
1079 1184 1186 1251 cordis
1208 1187 1442 1273 tranquillitas,
1465 1190 1565 1253 inex-

503 1290 692 1377 pugnabilis
713 1290 848 1377 insuper
869 1289 990 1357 lenitas
1012 1290 1183 1378 apparebit
1194 1316 1203 1371 3
1236 1292 1325 1379 qued
1351 1292 1470 1357 celebri
1491 1315 1562 1357 ser-

503 1416 600 1459 mone
630 1393 841 1481 divulgatum
867 1394 1054 1481 Anglorum
1083 1392 1255 1461 univers0¹
1294 1394 1367 1461 orbi
1398 1395 1559 1473 innotuit,

502 1498 575 1562 aliis
597 1496 684 1584 regis
706 1496 951 1585 simplieitatem
973 1497 1223 1580 admirantibus,
1247 1498 1321 1565 aliis
1342 1498 1560 1567 laudantibus

501 1600 722 1667 sanctitatem

952 1894 1032 1965 (lna.
1049 1894 1109 1960 lx

333 2096 468 2155 Liveaed.
505 2084 676 2169 Quomodo
699 2083 813 2156 rmus
834 2106 894 2153 rea
918 2083 1115 2153 adoardus
1140 2082 1232 2151 vidit
1254 2083 1430 2153 diabolum
1450 2106 1559 2171 super·

331 2163 463 2295 ,ls'ffisp
547 2208 721 2359 m
734 2186 893 2277 peccam
922 2208 1023 2278 quera
1052 2194 1215 2257 ccuatorca
1247 2188 1322 2255 eiua
1356 2186 1559 2273 codcpcrcat

547 2483 786 2549 Pmronrsra
804 2504 843 2549 ac
861 2486 1094 2573 propugnante
1114 2482 1262 2569 piissimo
1280 2502 1356 2569 rege
1377 2480 1555 2562 Eduardo,

501 2608 576 2652 eum
612 2589 699 2650 nutu
736 2585 862 2652 Divino
899 2607 981 2673 gens
1018 2584 1204 2672 Anglorum
1241 2605 1378 2650 excusso
1415 2583 1556 2651 Danieae

500 2686 737 2754 dominationis
773 2687 852 2774 iuge
882 2688 942 2755 diu
980 2688 1184 2775 deploratam
1210 2708 1334 2753 exuens
1357 2687 1557 2751 servitutem

498 2792 536 2856 in
569 2788 745 2877 pristinam
766 2790 908 2857 redisset
937 2790 1135 2870 libertatem,
1167 2794 1202 2855 et
1232 2789 1270 2853 in
1299 2790 1472 2875 antiquam
1500 2810 1555 2855 re-

498 2893 631 2961 floreret
663 2890 885 2981 dignitatem
915 2915 975 2959 rex
996 2892 1137 2981 insignis
1161 2892 1280 2980 gratia
1302 2891 1344 2958 ab
1367 2890 1555 2980 irruptione

496 2996 670 3063 barbarica
699 3002 735 3063 et
764 2995 879 3062 hostili
916 2996 1055 3062 feriatus
1092 2996 1237 3077 incursu,
1265 3001 1425 3082 tanquam
1458 2994 1556 3058 miles

497 3106 652 3168 strenuus
681 3121 720 3166 ac
742 3098 917 3164 bellicosus
946 3099 1040 3164 vitiis
1073 3099 1367 3187 spiritualibusque
1392 3096 1556 3182 nequitiis

497 3201 623 3268 bellum
654 3200 807 3291 protinus
836 3201 969 3280 indixit,
993 3201 1172 3290 volensque
1194 3201 1258 3266 sibi
1282 3200 1401 3266 Divini
1431 3197 1556 3264 favoris

499 3305 642 3392 gratiam
672 3304 904 3372 misericordiis
936 3326 1119 3392 pauperum
1148 3304 1321 3374 conciliare
1350 3303 1556 3392 propensius,

499 3408 543 3473 ab
572 3408 744 3476 exactione
765 3407 947 3494 vectigalis,
972 3408 1061 3494 quod
1093 3407 1136 3472 ab
1167 3407 1288 3493 Anglis
1320 3403 1555 3494 Denegeldurn

499 3515 638 3576 vocatur
667 3532 706 3576 eo
738 3510 826 3597 quod
858 3509 959 3576 Dacis
981 3511 1061 3576 olim
1082 3509 1340 3598 persolvebatur,
1363 3507 1555 3574 universam

498 3613 656 3698 Angliam
688 3612 725 3677 in
757 3617 956 3700 perpetuum
989 3612 1193 3678 sollemniter
1227 3610 1382 3678 absolvit.
1441 3609 1555 3698 Coepit

499 3715 600 3780 etiam
635 3714 722 3801 leges
752 3715 959 3780 intermissas
996 3715 1181 3794 reformare,
1220 3737 1316 3780 novae
1353 3713 1442 3802 pacis
1478 3714 1555 3778 iura

498 3818 713 3906 promulgare,
744 3817 837 3882 frena
869 3818 948 3884 dare
981 3817 1083 3897 vitiis,
1107 3817 1294 3886 virtutibus
1322 3817 1387 3882 iter
1409 3816 1552 3880 liberum

370 3955 418 4016 w..
440 3939 459 3988 ’s
497 3941 689 4007 praeparare.
728 3919 840 4006 Coepit
859 3925 895 3984 et
915 3919 1036 3986 crebris
1057 3919 1261 3987 orationibus
1275 3941 1401 3998 vacare,
1418 3919 1553 3984 Divinis

330 4021 345 4053 ⁰
411 4021 420 4053 ¹
446 4041 453 4053 ·
497 4023 651 4089 laudibus
681 4022 868 4110 invigilare,
903 4043 1034 4090 carnem
1067 4023 1276 4105 mortificare,
1306 4027 1342 4088 et
1372 4022 1409 4086 in
1440 4020 1552 4086 coeles-

496 4127 588 4192 tibus
633 4125 787 4212 spiritum
825 4123 989 4204 dilatarc3
1034 4126 1222 4212 apertisque
1271 4125 1436 4190 thesauris
1481 4125 1551 4188 suis

497 4229 598 4316 coepit
620 4249 697 4314 opes
719 4249 821 4295 manu
843 4228 1002 4294 munifica
1023 4249 1185 4314 spargere,
1206 4228 1356 4293 ecclesias
1379 4225 1551 4306 aedificare,

497 4353 611 4397 ornare
644 4330 852 4410 monasteria,
875 4330 987 4416 egenis
1020 4329 1188 4410 alimenta,
1211 4330 1311 4396 nudis
1343 4330 1551 4412 indumenta,

496 4432 733 4520 languentibus
754 4432 992 4498 adiuvamenta
1014 4433 1196 4498 necessaria
1217 4433 1429 4512 ministrare3
1455 4437 1552 4498 ratus

497 4536 667 4602 thesauros
682 4535 746 4602 sibi
769 4535 954 4600 conservari
980 4535 1111 4601 fidelius
1133 4557 1172 4602 aa
1192 4535 1392 4602 fructuosius
1413 4535 1450 4599 in
1473 4535 1551 4600 sinu

745 4795 1035 4873 rammasses]
1055 4799 1306 4863 summane.
