3567 5800
475 892 522 943 nr
543 889 661 943 orsus
682 890 805 941 moun
826 887 1027 941 suun-111.
1052 876 1080 938 1.
1288 874 1309 937 9

255 1073 346 1161 quod
378 1077 524 1141 vestram
545 1073 660 1141 deoeat
680 1074 902 1155 sanctitatem,
933 1074 976 1141 ad
1010 1094 1122 1139 eorum
1145 1072 1203 1160 qui
1233 1072 1311 1139 foris

257 1181 340 1244 sunt
368 1176 525 1243 notitiam
553 1178 779 1245 transferatur.
847 1176 919 1265 Ego
949 1180 1044 1255 uerte,
1072 1176 1102 1241 si
1124 1177 1311 1263 quempiam

257 1281 302 1347 de
333 1285 448 1345 saneto
479 1280 595 1347 ordine
627 1284 739 1347 vestro
768 1300 934 1345 oernersm
964 1300 1039 1345 oum
1068 1278 1204 1345 muliere
1241 1300 1313 1366 peo-

258 1386 400 1461 oantem,
438 1381 570 1470 proprio
595 1402 650 1449 eos
679 1381 780 1470 pallio
811 1381 979 1469 operirem,
1003 1402 1135 1469 nequa
1162 1378 1313 1469 religioni

258 1490 384 1553 nostrae
405 1484 517 1572 impiis
540 1484 737 1552 detrahendi
760 1484 894 1551 daretur
917 1482 1069 1551 oooasio.''

305 1586 419 1651 Huius
450 1586 565 1673 itaque
600 1592 635 1653 et
671 1586 810 1652 aliorum
844 1592 1031 1653 sanctorum
1061 1607 1175 1674 regum
1198 1586 1314 1653 beatus

258 1689 418 1755 Alfredus
453 1688 523 1753 sive
552 1688 719 1755 Aluredus
747 1694 883 1775 sequtus
913 1687 1109 1775 exemplum,
1148 1687 1312 1755 cunstam¹

259 1792 419 1879 principis
457 1790 575 1856 mundi
628 1790 785 1857 adversus
833 1812 877 1855 se·
913 1791 1105 1878 provoeavit
1142 1790 1314 1857 invidiam.

261 1894 416 1981 Denique
446 1894 533 1959 deut
569 1891 735 1979 quondam
773 1897 924 1958 sanetum
954 1890 1029 1971 Job,
1053 1892 1103 1959 ita
1138 1892 1227 1960 huno
1257 1894 1316 1961 Ss-

258 1997 345 2063 than
386 1995 486 2083 petiit
515 1995 559 2061 ad
586 1994 829 2081 temptandum,
867 1994 1031 2080 numquid
1061 1994 1216 2061 Allredus
1245 1998 1316 2063 sive

261 2098 430 2165 Aluredus
455 2098 579 2163 frustra
601 2096 681 2161 oolit
703 2095 821 2161 Deum.
885 2096 930 2161 Et
953 2095 1118 2162 Dominus
1140 2098 1183 2163 ad
1206 2098 1314 2165 eumi:

261 2201 377 2267 “Eoos
399 2201 436 2265 in
459 2221 561 2265 manu
581 2204 642 2264 tua
663 2202 741 2264 sunt
764 2203 882 2265 eunota
902 2220 976 2285 quae
991 2200 1159 2285 possidet3
1182 2205 1473 2281 tantummffiom

261 2324 306 2368 ne
326 2302 364 2367 in
386 2324 462 2368 eum
492 2300 653 2367 extendas
674 2322 809 2367 manum
832 2298 954 2366 tuam”
1015 2300 1173 2387 Egressus
1202 2296 1356 2389 itaque&
1369 2296 1412 2347 ‘¹¹²

261 2404 392 2471 Sethan
422 2427 444 2469 a
463 2403 553 2469 faeie.
574 2402 712 2468 Domini
740 2402 880 2468 immisit
911 2402 941 2469 ei
971 2402 1120 2469 inimicos
1150 2406 1315 2491 pessimos,

260 2506 370 2571 Daoos
395 2504 521 2572 seilicet
547 2510 582 2569 et
609 2503 773 2584 Frisones,
799 2528 820 2569 a
844 2504 910 2569 fide
939 2504 1065 2571 Christi
1095 2504 1226 2589 alienos,
1258 2508 1315 2595 qui

259 2630 336 2675 oum
373 2608 482 2673 multa
517 2606 619 2673 elasse
655 2607 827 2673 venientes
864 2606 901 2671 in
939 2608 1105 2695 Anglism‚
1136 2610 1314 2675 maximam

259 2710 356 2799 regni
385 2710 572 2798 portionem
609 2709 736 2796 rapinis
773 2708 999 2796 inoendiisque
1037 2718 1314 2801 consumpserrmt.
1327 2732 1484 2799 Regressi.

262 2814 354 2894 Quos
383 2834 458 2879 eum
487 2833 548 2878 rex
577 2812 824 2878 strenuissimus
857 2812 1014 2879 Alfiedus
1043 2814 1113 2881 sive
1150 2805 1425 2918 fflmedmp³²²³

1325 2362 1419 2416 Dares.

260 2917 381 3004 saepius
419 2914 604 3002 repulisset,
645 2916 735 2980 inter
770 2914 933 2981 bellorum
963 2915 1152 2984 discrimina
1181 2925 1216 2986 et
1252 2921 1314 2986 fre·
1327 2874 1433 2988 wida.

260 3018 401 3105 quentia
437 3018 610 3105 praesentis
646 3017 728 3083 vitae
757 3017 995 3104 impedimenta
1024 3020 1174 3108 interque
1211 3007 1418 3118 conti-{³422}

260 3143 345 3188 uuas
375 3121 518 3208 eorporis
546 3119 760 3186 infirmitates
791 3124 825 3184 et
856 3141 1058 3208 paganorum
1087 3123 1315 3191 infestationes
1326 3151 1349 3200 p.
1362 3106 1415 3185 ol
1423 3135 1458 3198 Α,

261 3223 364 3310 ooepit
403 3223 500 3310 regni
536 3220 670 3308 negotia
710 3220 891 3309 disponere
965 3223 1165 3312 Missamqus
1195 3229 1314 3294 cotidie
1328 3215 1377 3266 seq.

262 3348 338 3392 eum
360 3324 450 3390 horis
473 3324 601 3390 diurnis
622 3323 759 3390 curabat
787 3323 909 3401 audire,
933 3325 1074 3412 psalmos
1096 3331 1130 3392 et
1152 3316 1453 3436 0111110111εῶἭὲ

262 3449 383 3507 amare,
409 3427 631 3513 eleemosynas
653 3426 827 3514 egentibus
852 3425 940 3492 dare.
999 3427 1212 3517 Franeigenae
1234 3454 1315 3520 quo·

263 3553 328 3617 qne
354 3533 389 3594 et
417 3529 476 3594 alii
504 3529 604 3594 multi
634 3550 676 3593 ex
705 3529 896 3616 regionibus
925 3528 1024 3617 longe
1053 3533 1169 3619 positis
1199 3541 1316 3622 sponte

262 3655 332 3700 sese
355 3653 416 3697 suo
438 3631 585 3696 dominio
610 3631 840 3710 subdiderunt,
864 3653 904 3696 eo
934 3633 1023 3718 quod
1053 3635 1205 3702 omnibus
1226 3660 1316 3704 ama·

263 3735 341 3800 bilis
370 3739 405 3799 at
426 3731 578 3812 affabilis,
608 3732 767 3800 iooundus
789 3738 825 3798 et
853 3733 890 3798 in
913 3755 1023 3801 rorum
1049 3737 1224 3826 disciplina
1245 3763 1319 3828 per-

263 3841 427 3903 scrutator
452 3835 726 3923 ineomparabilis,
754 3835 900 3902 advenas
926 3859 1039 3904 omnes
1061 3845 1095 3906 et
1121 3843 1317 3929 peregrinos,

263 3937 392 4004 nobiles
414 3941 449 4002 et
470 3936 642 4023 ignobiles,
664 3936 751 4004 ment
781 3939 946 4025 propriam
973 3946 1106 4027 gentem
1132 3943 1231 4009 iuxta
1254 3945 1319 4010 sin.

263 4041 421 4129 gulorum
460 4037 660 4126 dignitatem
704 4039 897 4118 honorabat,
928 4042 1073 4128 regebat,
1104 4050 1139 4109 et
1168 4046 1318 4130 pecuniis

263 4141 365 4209 simul
395 4145 430 4206 et
465 4141 723 4228 possessionibus
769 4141 961 4229 ampliabat.
1039 4144 1185 4212 Comites
1231 4169 1318 4228 vero,

263 4245 405 4311 barones
435 4264 474 4309 ao
502 4243 635 4324 milites,
665 4243 833 4310 ministros
858 4249 894 4309 et
917 4243 1103 4328 familiares,
1134 4247 1320 4316 admirabili

262 4347 407 4415 oaritate
436 4345 619 4432 diligebat:
657 4345 745 4413 filios
773 4368 895 4427 eorum,
927 4347 984 4434 qui
1014 4348 1050 4412 in
1079 4350 1170 4438 regio
1195 4351 1320 4419 nutrie-

263 4451 391 4515 bantur
419 4447 554 4535 palatio,
583 4471 652 4514 non
682 4449 802 4514 minori
838 4471 938 4536 quam
968 4450 1116 4537 proprios
1146 4453 1320 4522 dilectione

390 4777 534 4844 wetere]
547 4792 630 4842 quam,
642 4777 699 4830 MS.
872 4777 879 4848 Ι
942 4781 1017 4834 ²‹lob
1027 4781 1043 4834 i.
1059 4789 1098 4836 12.
