3567 5800
486 863 551 926 334
743 879 808 930 ruo.
833 879 880 929 nu
902 879 1038 930 mense.
1061 881 1151 933 erac.
1176 883 1264 932 mer.

484 1065 675 1132 monialium
698 1067 848 1149 coetibus,
879 1089 953 1154 quis
984 1069 1180 1135 dominabus
1210 1073 1245 1134 et
1273 1068 1439 1154 magistris
1462 1067 1531 1132 suis

484 1167 678 1234 vocantibus
713 1171 756 1235 ad
792 1169 935 1258 gratiam
971 1171 1172 1258 respondent
1208 1191 1266 1258 per
1299 1170 1530 1236 obedientium.

316 1275 461 1330 vntuesor
485 1269 688 1337 Fortunatus
711 1273 769 1357 qui
791 1273 1004 1360 virginalium
1027 1275 1214 1340 orationum
1237 1273 1402 1360 particeps
1423 1271 1532 1348 fuerit,

316 1359 389 1396 Μ’·
484 1393 623 1460 quarum
654 1375 824 1464 devotioni
854 1397 887 1441 se
915 1376 1078 1442 Dominus
1102 1376 1201 1442 Jesus
1227 1376 1357 1463 placido
1383 1375 1534 1462 indulget

316 1493 354 1545 Cf.
367 1493 438 1544 Will.

315 1561 401 1611 Malus
414 1562 429 1611 i.

316 1627 331 1691 5
347 1633 400 1677 roa.

311 3734 421 3784 Eduard

312 3800 384 3852 Conr.
396 3801 453 3851 died

311 3868 375 3917 after
386 3884 401 3919 a

310 3935 380 3999 reign
392 3934 422 3984 os

310 4006 343 4051 23
354 4018 380 4067 y.
393 4008 449 4051 tm.

309 4070 340 4117 27
350 4068 375 4118 d.

483 1497 622 1543 assensu
684 1479 772 1544 Nam
801 1484 841 1544 ut
871 1477 913 1545 de
943 1479 1245 1546 Scheltoniensibus
1275 1481 1390 1557 dicam,
1421 1500 1535 1544 omnes

483 1578 676 1648 iamdudum
707 1583 852 1649 virtutes
890 1587 1086 1664 exercentes,
1120 1584 1218 1649 terris
1253 1583 1376 1648 relictis
1412 1582 1532 1647 coelum

483 1679 659 1764 petierunt.
705 1679 748 1747 In
774 1683 850 1747 solis
876 1681 943 1748 fere
973 1681 1273 1747 sanctimonialium
1303 1681 1479 1757 mentibus,
1503 1680 1532 1744 si

483 1782 611 1868 uspiam
632 1788 711 1848 sunt
732 1791 905 1865 terrarum,
927 1783 1001 1850 illus
1022 1785 1171 1872 reperies.
1219 1783 1317 1865 Quod
1339 1779 1533 1848 mihi'eanc-

482 1887 591 1949 torum
628 1886 775 1952 virorum
812 1907 892 1974 pace
934 1886 1057 1952 dixisse
1094 1886 1235 1965 licuerit,
1273 1886 1352 1973 quia
1388 1885 1531 1952 multum

481 1984 656 2054 laudandas
691 1995 769 2054 eunt
794 1989 935 2068 feminae,
966 2011 1041 2076 quae
1073 1987 1281 2054 dissimulata
1309 2009 1408 2054 sexus
1437 1989 1530 2053 intir-

482 2090 599 2156 mitate
650 2092 853 2158 certantibus
899 2092 1020 2159 studiis
1070 2097 1241 2158 servantes
1291 2092 1531 2158 continentiam

481 2195 640 2279 optimam
667 2195 709 2260 sd
736 2217 868 2284 superos
895 2193 1042 2261 evehunt
1065 2196 1247 2260 victoriam.

874 2597 1126 2666 Conrmusrro.

525 2809 662 2875 Passus
688 2831 705 2876 e
728 2809 854 2876 familia
883 2811 973 2899 regia
1005 2811 1178 2897 utriusque
1209 2831 1308 2876 sexus
1339 2811 1530 2897 cognovisse

482 2918 517 2979 et
538 2912 689 2980 retulisse
711 2914 754 2979 ad
787 2936 857 2980 rem
891 2914 1045 2996 arbitror,
1079 2919 1118 2979 ut
1148 2916 1231 2979 sciat
1262 2914 1366 2980 lector
1397 2914 1487 3001 quod
1509 2935 1530 2977 a

479 3017 661 3082 virtutibus
683 3016 845 3083 maiorum
867 3018 1121 3103 gloriosissimus
1152 3018 1315 3089 confessor
1343 3016 1471 3082 Christi
1492 3022 1528 3081 et

480 3140 540 3185 rex
566 3118 751 3207 Anglorum
774 3120 967 3201 Edwardus,
999 3121 1091 3186 cuius
1117 3120 1226 3185 vitam
1247 3125 1281 3185 et
1303 3118 1461 3185 miracula
1481 3140 1531 3184 se·

459 3220 624 3287 ·cundum
655 3222 832 3289 veridicam
865 3228 999 3309 patrum
1030 3222 1227 3288 relationem
1257 3222 1294 3287 in
1324 3243 1420 3310 opere
1446 3242 1531 3309 prte-
1570 3280 1573 3285 .

479 3324 565 3389 senti
602 3326 844 3406 annotavimus,
881 3326 1018 3392 minime
1056 3326 1312 3413 degeneraverit.
1369 3325 1458 3389 Nam
1488 3326 1529 3389 ds

478 3427 543 3493 isto
564 3450 639 3515 rege
662 3428 876 3510 sanctissimo,
902 3428 989 3493 siout
1012 3429 1241 3516 praemisimus,
1273 3428 1412 3494 refertur
1442 3426 1530 3514 quod

479 3536 513 3595 et
535 3530 571 3594 in
594 3552 693 3617 regno
725 3530 949 3597 humilitatem
979 3553 1047 3596 non
1076 3530 1228 3612 deseruit,
1253 3537 1287 3598 et
1317 3532 1355 3596 in
1376 3530 1530 3617 coniugio

478 3633 706 3721 virginitatem
737 3654 836 3720 quam
868 3656 995 3723 semper
1023 3633 1186 3700 habuerat
1210 3634 1448 3700 inviolabiliter
1470 3634 1530 3698 ob-

477 3738 630 3802 servavit.
676 3735 830 3801 Decursis
853 3738 888 3802 in
913 3758 1014 3824 regno
1037 3737 1161 3823 viginti
1181 3737 1289 3802 tribus
1319 3737 1415 3802 annis
1437 3758 1530 3801 men·

478 3838 567 3903 sibus
591 3862 647 3904 sex
670 3844 705 3905 et
727 3840 850 3926 viginti
874 3844 1000 3926 septem
1022 3838 1146 3918 diebus,
1174 3840 1212 3903 in
1242 3845 1408 3905 senectute
1440 3839 1530 3905 bona

477 3940 593 4026 plenus
615 3941 742 4007 dierum
764 3941 853 4007 felici
875 3941 942 4006 fine
964 3940 1122 4027 migravit
1144 3942 1189 4006 ad
1211 3940 1401 4022 Dominum,
1431 3942 1530 4008 collo·

477 4049 633 4129 cetusque
656 4049 706 4109 est
727 4044 764 4107 in
795 4044 929 4109 ecclesia
951 4042 1296 4110 westmonasteriensi
1325 4066 1425 4131 quam
1457 4047 1528 4130 ipse

477 4146 514 4209 in
535 4145 658 4213 honore
679 4147 770 4211 beati
793 4146 884 4212 Petri
913 4146 1137 4232 apostolorum
1167 4149 1325 4234 principis
1355 4152 1530 4213 construx-

465 4254 556 4335 erat,
579 4250 769 4335 positusque
791 4250 828 4314 in
850 4248 969 4314 feretro
993 4250 1136 4336 pretioso
1163 4271 1244 4315 auro
1267 4254 1303 4315 et
1329 4257 1464 4337 argento
1487 4274 1528 4315 ac

474 4350 638 4437 lapidibus
661 4352 811 4439 pretiosis
835 4350 1063 4438 multipliciter
1086 4354 1254 4419 adornato.
1303 4352 1373 4417 Ubi
1398 4354 1527 4419 crebre·

474 4454 641 4520 scentibus
664 4454 771 4521 indies
801 4452 974 4535 musculis,
1002 4454 1044 4519 ad
1068 4454 1200 4521 laudern
1223 4460 1259 4521 et
1281 4455 1420 4542 gloriam
1444 4454 1527 4520 Om-

473 4558 653 4641 nipotentis
676 4558 739 4623 Dei
761 4558 920 4623 sanctitas
940 4556 1044 4645 ipsius
1066 4558 1264 4623 mirabiliter
1286 4558 1445 4625 elucescit.
