3567 5800
486 869 528 929 44
745 881 810 930 mc.
834 882 881 930 mr
904 881 1039 931 omaso.
1062 882 1152 931 seeo.
1176 884 1262 934 mer.

484 1067 554 1152 regi
580 1067 662 1132 duos
688 1066 774 1132 filios
807 1090 883 1134 suos
911 1089 1036 1154 pueros,
1074 1073 1121 1148 ut,
1158 1070 1186 1134 si
1213 1070 1323 1148 vellet,
1351 1071 1428 1137 fidei
1458 1071 1534 1136 illos

484 1174 519 1234 et
533 1168 755 1263 ¹baptismatis
778 1170 943 1236 imbueret
969 1173 1190 1238 sacramentis.
1246 1173 1338 1239 Tunc
1366 1195 1427 1238 rex
1451 1175 1531 1260 piis-

483 1273 593 1352 simus,
625 1272 684 1358 qui
717 1295 843 1360 semper
881 1295 1083 1360 paganorum
1120 1274 1247 1340 animes
1284 1275 1394 1362 potius
1431 1299 1530 1362 quam

484 1375 622 1441 mortem
645 1375 788 1456 sitiebat,
813 1376 882 1440 eius
907 1375 1125 1461 petitionibus
1147 1377 1326 1464 adquievit,
1358 1383 1392 1444 et
1422 1379 1530 1465 pueris

484 1499 575 1542 sacro
605 1478 698 1543 fonte
726 1479 861 1556 renatis,
893 1477 1037 1542 Hastein
1066 1485 1196 1565 patrem
1220 1502 1333 1545 eorum
1357 1502 1432 1545 cum
1461 1502 1532 1545 om-

484 1579 582 1646 nibus
619 1579 693 1646 aliis
730 1579 918 1646 infidelibus
956 1580 1097 1668 pacifice,
1136 1582 1233 1648 iuxta
1271 1583 1359 1670 quod
1377 1586 1528 1669 *pactum

483 1685 601 1765 fuerat,
625 1685 715 1750 abire
737 1686 895 1772 permisit.

916 2111 1011 2178 CAP.
1043 2112 1101 2178 VI.

315 2311 471 2431 pnhffipd·
513 2313 564 2382 Dc
586 2335 621 2379 co
643 2312 735 2400 qaod
756 2335 814 2378 rea
835 2311 1003 2400 Alsrcdus
1026 2313 1094 2380 sica
1116 2314 1296 2381 Alorcdua
1318 2314 1499 2382 Dorticum

314 2444 428 2505 wem,
744 2437 856 2502 repeat
878 2416 919 2482 do
938 2415 1062 2502 proelio
1078 2415 1262 2503 fugaverit.

315 2510 382 2562 AD.
395 2518 452 2564 894.

528 2620 606 2684 Rux
628 2619 781 2685 Alfredus
814 2619 884 2686 sive
916 2618 1082 2685 Aluredus
1117 2641 1190 2685 cum
1224 2621 1351 2708 ingenti
1383 2621 1531 2685 exercitu

481 2723 635 2809 processit
658 2728 771 2788 contra
793 2744 944 2809 paganos,
970 2743 1051 2808 quos
1083 2720 1200 2808 supra¹
1225 2721 1260 2786 in
1283 2723 1366 2787 ostio
1390 2721 1531 2788 Liminae

481 2826 627 2892 fluminis
658 2825 849 2912 applicuisse
884 2825 1050 2902 diximus3
1084 2825 1141 2911 qui
1175 2825 1241 2889 iam
1273 2825 1384 2890 cuneis
1416 2825 1531 2890 divisis

481 2929 684 2995 conabantur
706 2949 818 2993 omnes
840 2926 929 2993 illius
952 2927 1093 3014 regionis
1126 2927 1309 3014 provincias
1343 2926 1528 3014 subiugare.

482 3032 555 3113 Quo
577 3054 637 3097 rex
658 3054 732 3097 cum
763 3031 971 3117 pervenisset,
996 3030 1088 3095 misit
1120 3052 1155 3096 se
1186 3052 1260 3095 cum
1293 3032 1436 3095 exercitu
1468 3052 1530 3097 suo

480 3136 569 3200 iuter
591 3136 672 3200 duos
704 3155 822 3199 cuneos
853 3154 1063 3219 paganorum,
1088 3137 1135 3210 ut,
1160 3133 1188 3197 si
1209 3132 1293 3198 forte
1327 3133 1397 3198 loca
1418 3154 1530 3197 nemo-

480 3261 554 3302 rosa
576 3237 760 3303 deserentes
789 3235 962 3321 planitiem
994 3234 1137 3321 aliquam
1169 3240 1277 3321 petere
1301 3235 1529 3313 decrevissent,

480 3341 549 3426 ipse
571 3344 685 3405 contra
707 3360 762 3403 eos
784 3360 877 3402 arma
899 3342 1052 3403 moveret.
1111 3336 1177 3402 Sed
1199 3337 1332 3403 barbari
1355 3338 1420 3402 iam
1442 3338 1531 3402 fame

480 3448 515 3508 et
547 3442 644 3529 longa
673 3440 806 3527 fatigati
846 3439 964 3517 inedia,
999 3438 1078 3505 dum
1116 3438 1200 3504 nibil
1233 3438 1433 3525 proficerent,
1470 3442 1531 3505 sed

481 3544 591 3630 potius
614 3544 798 3619 deficerent,
826 3541 1057 3627 disposuerunt
1071 3542 1224 3608 concives
1240 3562 1326 3620 suos,
1350 3540 1408 3626 qui
1423 3562 1531 3627 nuper

482 3647 519 3710 in
533 3645 686 3709 Estsexia
707 3644 941 3730 applicuerant,
957 3642 1056 3721 adire,
1080 3648 1120 3707 ut
1142 3642 1270 3707 fortiori
1293 3642 1398 3706 milite
1413 3642 1530 3728 stipati

312 3735 403 3787 AM
482 3748 681 3835 inruptiones
722 3744 981 3812 Christianorum
1027 3749 1160 3831 possent
1197 3742 1324 3809 facilius
1360 3745 1529 3810 sustinere

312 3803 406 3853 duma
416 3803 459 3854 the
735 3848 742 3863 ,
1439 3846 1446 3860 ,

312 3870 397 3919 Dana
411 3876 437 3919 at
484 3850 633 3935 Cumque
663 3849 777 3913 furt1m
810 3853 918 3913 metra
959 3852 1127 3911 moventes
1161 3845 1203 3910 ad
1239 3846 1381 3911 Famam
1414 3847 1530 3913 villam

311 3936 429 3986 pm·
481 3951 715 4041 pervenissent,
750 3949 933 4015 Thamense
966 3949 1089 4015 flumen
1121 3948 1260 4014 transire
1294 3948 1472 4035 cupientes,
1509 3976 1532 4017 a

480 4056 571 4142 regia
592 4054 716 4119 ibidem
737 4052 934 4119 fortitudine
956 4056 1034 4115 sunt
1057 4050 1227 4137 praeventi.
1283 4050 1531 4139 Commissoque

478 4182 552 4225 cum
575 4157 654 4244 ipsis
675 4156 770 4242 gravi
788 4154 917 4241 proelio,
934 4154 1054 4239 pagani
1076 4154 1112 4217 in
1135 4154 1245 4240 fugam
1269 4160 1347 4219 sunt
1363 4156 1531 4237 conversi3

478 4284 559 4347 quos
581 4259 745 4347 fugientes
768 4256 948 4323 Christiani
963 4257 1032 4321 sine
1047 4256 1171 4341 pietate
1191 4261 1411 4341 prosternunt,
1427 4263 1531 4343 atque

478 4387 519 4430 ex
553 4360 763 4428 obstantibus
795 4357 944 4423 maxima
976 4367 1084 4443 strage
1128 4357 1231 4438 illata,
1265 4380 1376 4443 regem
1414 4380 1532 4425 eorum

478 4464 653 4532 crudeliter
699 4460 922 4527 vulnerarunt.
981 4460 1086 4539 Quem
1125 4460 1183 4523 vix
1221 4460 1459 4525 commilitones
1488 4462 1531 4527 in

909 4765 915 4795 ¹
930 4763 990 4827 Cup.
1003 4769 1017 4813 ⁴
1030 4770 1096 4815 cont.
