3567 5800
403 900 449 947 nn
472 899 589 963 orsrrs
613 898 736 947 nucum
757 894 957 947 Aron-111.
983 878 1033 954 26,
1058 874 1108 946 27.
1210 876 1274 937 133

623 1219 703 1285 ΟΛΡ.
728 1218 875 1284 XXVII.

1285 1326 1440 1391 Rogwenu.

281 1418 332 1483 Dc
346 1418 563 1485 coronatione
577 1420 750 1486 nitati-aot
766 1419 865 1507 repis,
874 1418 955 1507 filii
969 1417 1058 1504 repis
1073 1414 1217 1502 Edporo'.
1284 1395 1417 1511 ῗξτξέᾕη·

1284 1526 1352 1577 nl).
1366 1532 1422 1579 979.

269 1620 376 1686 Anno
392 1621 574 1687 Dominieae
590 1622 826 1688 incarnationis
840 1620 1124 1710 noningentesimo
1140 1624 1270 1707 septua-
1283 1610 1352 1660 AJ).
1366 1616 1421 1703 ⁹⁷09·

221 1722 347 1809 gesimo
366 1746 454 1803 nono
475 1725 677 1803 Ethelredns,
699 1726 801 1791 frater
822 1726 929 1791 sancti
951 1725 1037 1812 regis
1058 1728 1093 1789 et
1114 1720 1271 1807 martyris
1285 1690 1439 1808 Sprpppppn

224 1826 390 1904 Edwardi,
413 1827 537 1914 Edgnn'
555 1828 641 1915 regis
663 1834 698 1893 et
719 1828 855 1895 Elfridae
878 1828 1000 1915 reginen
1022 1828 1119 1908 filius,
1143 1825 1335 1891 iuvenisred·

224 1930 382 2016 egregius,
420 1931 554 1996 decoms
591 1937 733 2018 aspectu,
775 1930 909 2018 pulcher
939 1931 975 1995 in
1005 1930 1111 2009 vultu,
1144 1905 1393 2037 staturaffim·

224 2034 368 2119 corporis
397 2056 557 2121 procerus,
581 2058 602 2098 a
623 2034 744 2101 sanctia
767 2033 963 2121 praesnlibus
987 2034 1161 2099 Dunstano
1186 2032 1271 2099 Oan—
1286 2038 1355 2090 ΑΛ).
1369 2041 1425 2089 978-

224 2136 386 2200 tuariensi
420 2143 456 2202 et
488 2136 642 2203 Oswnldo
665 2137 864 2203 Eboracensi
898 2142 935 2202 et
968 2137 1079 2203 decem
1102 2135 1272 2225 episcopis,

224 2239 411 2324 proceribus
452 2240 544 2327 regni
589 2240 803 2327 congregatio,
843 2240 896 2304 die
933 2239 1117 2318 Dominica,
1156 2243 1272 2305 octavo
1286 2254 1317 2299 nr
1329 2248 1411 2313 April.

224 2340 385 2408 kalendas
416 2342 507 2424 Maii,
531 2345 567 2407 in
590 2343 809 2430 Kyngeatona
831 2342 923 2430 regni
947 2342 1099 2407 diadema
1121 2341 1270 2430 suscepit.

224 2442 268 2508 In
306 2468 371 2531 qna
409 2446 617 2511 coronatione
654 2446 810 2533 praedixit
848 2446 879 2511 ei
916 2444 1033 2511 beatus
1067 2445 1271 2525 Dunstanus‚
1286 2453 1422 2505 Dunsnn'r

224 2548 344 2635 spiritu
380 2548 561 2637 prophetiae
597 2549 722 2636 plenus,
761 2572 800 2615 ea
833 2570 908 2635 quae
946 2548 986 2614 de
1023 2548 1094 2637 ipso
1131 2554 1272 2614 ventura
1285 2525 1399 2656 {ffiffi

225 2655 329 2729 erant,
369 2658 403 2717 et
441 2653 529 2738 quod
565 2653 688 2718 multus
725 2652 958 2719 tribulationes
990 2658 1075 2718 esset
1106 2652 1142 2717 in
1173 2674 1273 2739 regno

224 2777 387 2842 passurus,
419 2755 471 2820 hia
493 2754 604 2821 verbis
634 2756 840 2822 denuntians
903 2762 921 2791 “
935 2754 1126 2837 Quoniam‚''
1154 2757 1273 2843 inquit,
1286 2759 1443 2841 §flemm-

225 2866 245 2892 “
264 2858 417 2946 aspirasti
449 2858 492 2924 ad
518 2880 657 2946 regnum
687 2882 747 2947 per
776 2863 916 2927 mortem
947 2858 1060 2924 fratris
1090 2858 1150 2936 tui
1175 2882 1272 2946 quem
1286 2834 1382 2958 Ἠοῖ,

226 2962 346 3027 occidit
382 2967 488 3027 mater
523 2967 593 3043 tua,
629 2968 802 3049 propterea
839 2961 919 3028 audi
956 2962 1094 3028 verbum
1129 2962 1273 3027 Domini.
1288 2979 1311 3028 n·
1324 2969 1378 3016 ¹³⁸·

227 3063 312 3130 Hanc
344 3064 425 3130 dicit
456 3063 636 3131 Dominus:
683 3064 761 3130 Non
792 3065 922 3130 deficiet
943 3065 1069 3150 gladius
1103 3065 1144 3131 de
1179 3065 1276 3130 domo

226 3173 294 3244 tua,
327 3168 465 3233 saeviens
499 3169 535 3233 in
568 3174 603 3234 te
637 3168 791 3234 omnibus
825 3167 1043 3234 diebusvitae
1071 3173 1149 3251 tuae,
1173 3170 1275 3235 inter·

226 3275 340 3340 ficiens
362 3277 402 3341 de
425 3277 547 3342 semine
576 3283 644 3354 tuo,
673 3298 840 3363 quousque
870 3297 1010 3364 regnum
1043 3281 1139 3340 tuum
1171 3283 1277 3342 trans-

225 3379 352 3443 feratur
389 3378 425 3444 in
459 3401 595 3467 regnum
629 3380 783 3460 alienum,
807 3379 900 3445 cuius
929 3379 1031 3444 ritum
1062 3385 1095 3446 et
1129 3378 1276 3466 linguam

227 3503 309 3567 gens
342 3481 395 3546 oui
429 3482 583 3568 praesides
616 3505 684 3546 non
715 3482 819 3549 novit.
876 3481 948 3548 Nec
985 3482 1175 3570 expiabitur
1211 3483 1275 3549 nisi

225 3583 326 3671 longa
368 3584 516 3650 vindicta
548 3591 719 3672 peccatum
749 3591 846 3650 tunm
879 3589 913 3650 et
950 3589 1119 3672 peccatum
1157 3587 1274 3652 matris

227 3691 297 3752 ture
330 3692 364 3752 et
400 3692 571 3774 peecatum
608 3688 755 3752 virorum
792 3687 935 3766 illorum,
962 3689 1020 3775 qui
1050 3689 1275 3755 interfuerunt

226 3788 363 3855 consilio
384 3790 501 3855 matris
523 3794 593 3856 turs
615 3787 784 3877 nequnm''
829 3790 907 3857 Post
940 3791 1025 3857 hano
1058 3792 1148 3858 beati
1182 3793 1276 3858 Dun-

227 3893 318 3959 stani
347 3893 413 3958 viri
440 3892 504 3958 Dei
535 3893 740 3980 prophetiam
773 3895 878 3960 nubes
900 3916 958 3980 per
980 3899 1086 3960 totam
1108 3897 1273 3982 Angliam,

226 4015 317 4062 nunc
339 3996 527 4082 sanguinea,
551 4019 639 4062 nunc
661 3996 766 4082 ignea,
791 3998 864 4063 visa
887 4003 945 4074 eat,
970 3997 1087 4064 dehinc
1109 3999 1145 4062 in
1167 3998 1274 4064 radios

227 4099 373 4164 diversos
417 4103 451 4163 et
496 4099 605 4164 varios
654 4105 785 4165 mutata
831 4100 951 4165 colores
996 4101 1081 4165 circa
1125 4122 1276 4166 auroram

228 4201 398 4288 disparuit.

273 4303 398 4368 Eodem
420 4308 576 4391 tempore,
590 4309 629 4369 ut
644 4304 865 4391 praediximus,
885 4303 955 4368 dux
972 4303 1170 4371 Marciorum
1186 4305 1274 4372 Elfe—
1288 4319 1418 4374 ruiwaro’s

228 4407 298 4472 rius
320 4428 395 4471 curn
420 4405 634 4472 multitudine
657 4407 770 4494 populi
793 4407 960 4484 Warham,
984 4413 1024 4472 ut
1050 4409 1275 4494 supradictum
1286 4388 1416 4508 meib

229 4516 288 4588 est,
304 4510 406 4588 venit,
432 4533 547 4598 corpus
566 4510 703 4597 pretiosi
725 4510 810 4595 regis
830 4514 864 4574 et
885 4511 1040 4596 martyris
1056 4511 1215 4577 Edwardi
1231 4513 1276 4578 le·
1290 4521 1400 4574 Shabes·

229 4612 304 4678 vari
317 4613 395 4678 fecit
411 4613 452 4678 (le
466 4614 603 4678 tumulo.
649 4613 746 4694 Quod
768 4634 843 4678 cum
865 4619 951 4679 esset
967 4614 1141 4694 nudatum,
1158 4637 1274 4682 sanum
1289 4590 1362 4705 ξιῗζζ·

230 4721 266 4780 et
303 4714 466 4780 incolume
503 4716 547 4781 ab
579 4715 670 4780 omni
700 4715 847 4781 vulneris
885 4717 1081 4804 contagione
1111 4726 1277 4806 repertum
1291 4721 1399 4788 vigom.

237 4824 298 4896 est,
321 4817 493 4905 letumque
517 4841 555 4886 ac
580 4818 698 4884 deinde
723 4818 819 4884 novis
841 4821 990 4886 vestibus
1014 4821 1168 4887 indutum
1192 4822 1276 4909 apud
1291 4788 1359 4839 An).
1373 4795 1430 4844 ⁹7⁹·
