3567 5800
356 1077 479 1138 (lundulf,

355 1147 398 1209 b.p
355 1113 492 1195 bRoci

358 1212 456 1278 [1077-

357 1280 445 1346 uos].

526 859 592 924 306
795 871 860 920 arc.
884 871 932 918 na
955 869 1088 918 emano.
1112 869 1200 916 sanc.
1224 868 1310 916 mar.

529 1059 696 1146 episcopus
727 1055 948 1144 Gunnnlphus
979 1056 1020 1121 de
1050 1078 1116 1141 quo
1145 1055 1295 1142 superius
1323 1053 1459 1119 fecimus
1485 1073 1576 1116 men·

529 1162 651 1228 tionem
690 1161 821 1247 speciali
857 1160 967 1248 gratia
1004 1158 1103 1224 simul
1140 1163 1175 1223 et
1210 1158 1319 1244 gloria
1356 1156 1576 1244 praeminebat

528 1263 647 1350 Itaque
677 1264 843 1330 tricesimo
877 1267 972 1328 sexto
1000 1259 1104 1326 anno¹
1137 1282 1180 1326 ex
1210 1282 1276 1345 quo
1305 1260 1405 1324 rebus
1430 1259 1577 1325 humanis

528 1372 712 1432 excesserat
735 1365 912 1433 accedunt²
935 1365 978 1429 ad
1000 1363 1166 1430 tumulum
1189 1364 1297 1429 sancti
1318 1363 1406 1450 regis
1428 1361 1578 1427 Edwardi

526 1475 592 1539 viri
614 1475 672 1561 qui
695 1475 738 1540 ad
760 1475 821 1540 hoc
843 1473 975 1538 fuerant
994 1471 1141 1552 invitati,
1164 1471 1361 1556 sublatoque
1386 1469 1494 1555 lapide
1516 1490 1576 1554 quo

524 1578 760 1665 sarcophagum
786 1576 1005 1642 claudebatur
1034 1579 1133 1639 tanta
1165 1574 1274 1638 odoris
1307 1573 1494 1660 fragrantia
1515 1593 1577 1636 om-

524 1680 619 1746 nium
642 1680 781 1746 occurrit
803 1679 952 1759 naribus,
982 1683 1023 1743 ut
1045 1683 1080 1743 et
1109 1677 1243 1743 ecclesia
1271 1677 1455 1764 repleretur
1484 1681 1518 1740 et
1544 1675 1578 1739 in

526 1783 674 1871 sepulcro
691 1787 842 1849 aromata
862 1781 1019 1848 scaturire
1037 1785 1244 1868 putarentur.
1292 1780 1444 1844 Primum
1464 1777 1577 1844 deinde

525 1887 663 1974 pallium
701 1909 766 1972 quo
812 1884 1032 1951 sacratissima
1068 1883 1216 1949 membra
1259 1884 1394 1948 firerant
1430 1881 1578 1946 involuta

526 1991 700 2076 pristinam
734 1993 944 2055 venustatem
974 1993 1010 2052 et
1041 1986 1272 2072 integritatem
1302 2007 1486 2051 reservasse
1511 2007 1578 2050 con·

359 2096 455 2147 rheno
440 2095 490 2160 ody
527 2092 679 2179 spiciunt
726 2091 792 2179 Spe
815 2091 936 2156 deinde
965 2089 1080 2178 gloriae
1110 2089 1248 2176 potioris
1270 2088 1411 2154 animati
1434 2093 1576 2153 extracto

357 2165 379 2213 is
391 2163 471 2212 found

357 2230 470 2295 fragrant

357 2299 465 2347 anorm-

357 2365 475 2428 decayed

526 2195 626 2282 pallio
649 2199 758 2262 cetera
778 2198 972 2260 ornamenta
991 2197 1164 2278 vestesque
1185 2191 1402 2269 considerant
1416 2197 1454 2256 et
1476 2192 1576 2256 omnia

527 2297 633 2363 solida
676 2298 879 2364 invenerunt
915 2302 950 2363 et
986 2296 1124 2383 integra.
1188 2295 1378 2361 Producunt
1423 2295 1575 2368 bracchia.

526 2399 651 2517 plicant
686 2401 817 2488 digitos,
856 2399 1013 2466 articulos
1050 2399 1250 2486 explorant3
1288 2402 1322 2463 et
1353 2399 1468 2463 omnia
1496 2421 1576 2477 sana,

528 2503 639 2567 omnia
672 2503 834 2568 flexibilia
868 2509 903 2568 et
940 2503 1078 2588 antiquo
1111 2502 1282 2588 reperiunt
1313 2502 1427 2588 vigore
1466 2501 1577 2566 firmis-

525 2605 617 2671 sima.
664 2604 876 2694 Investigant
899 2611 1066 2692 postremo
1086 2605 1191 2670 carnis
1208 2604 1441 2690 integritatem
1462 2604 1578 2691 pariter

526 2714 561 2774 et
583 2709 745 2786 colorem3
780 2731 854 2796 quae
888 2709 977 2774 vitro
1011 2708 1133 2794 purior,
1156 2708 1234 2773 nive
1267 2708 1439 2773 candidior
1462 2708 1576 2773 firtnae

526 2813 773 2878 resurrectionis
811 2812 952 2898 gloriam
988 2811 1191 2897 praeferebat.
1249 2811 1298 2876 At
1343 2833 1420 2876 cum
1458 2811 1578 2876 deside

525 2921 634 2981 ratam
656 2916 773 2981 faciem
798 2916 867 2981 eius
890 2915 1056 3001 attingere
1086 2937 1199 2980 omnes
1228 2916 1356 3002 pariter
1378 2916 1576 2993 timuissent,

525 3020 682 3105 praefatus
706 3019 875 3107 episcopus
904 3016 1056 3082 Rofensis
1082 3018 1272 3083 testimonio
1296 3020 1507 3084 conscientiae
1527 3018 1577 3081 vel

525 3123 645 3189 amoris
667 3122 772 3187 factus
795 3121 961 3202 audacior,
976 3120 1108 3186 sudario
1131 3143 1197 3207 quo
1217 3115 1316 3208 caput
1338 3122 1579 3186 sanctissimum

526 3226 701 3312 tegebatur
734 3246 870 3289 manum
904 3224 1026 3305 iniecit,
1051 3228 1085 3288 et
1118 3247 1139 3289 a
1173 3230 1266 3311 parte
1288 3222 1439 3288 inferiori
1463 3222 1579 3289 discin-

526 3327 607 3393 dens
629 3328 767 3392 barbam
804 3327 903 3393 beata
941 3326 1059 3392 canitie
1097 3326 1231 3391 niveam
1267 3326 1333 3391 fide
1371 3327 1489 3414 plenus
1528 3350 1579 3392 ex-

526 3431 652 3513 traxit;
675 3453 818 3517 eamque,
842 3453 879 3495 ac
910 3430 938 3494 si
967 3430 1106 3511 viveret,
1128 3434 1242 3496 mento
1271 3430 1402 3495 firmius
1423 3431 1579 3495 inhaerere

525 3534 737 3619 persentiens,
767 3533 948 3598 delectatus
985 3532 1142 3598 miraculo
1180 3538 1214 3598 et
1252 3532 1416 3598 desiderio
1454 3535 1580 3621 ignitus

524 3634 630 3719 pilum
653 3657 758 3700 unum
790 3635 963 3700 extrahere
999 3635 1127 3721 sibique
1159 3657 1291 3701 servare
1321 3641 1470 3701 conatur.
1517 3636 1582 3702 Sed

524 3735 622 3802 haesit
644 3738 781 3816 firmius,
805 3760 865 3803 nec
890 3738 1041 3824 sequitur
1071 3738 1279 3804 voluntatem
1310 3738 1454 3804 effectus.
1502 3740 1583 3803 Ani·

524 3839 707 3905 madvertit
737 3839 800 3905 hoc
827 3840 930 3905 abbas
955 3840 1150 3922 Gilebertus,
1182 3846 1217 3906 et
1247 3840 1435 3929 episcopum
1460 3843 1581 3908 blande

524 3944 711 4031 corripiens,
760 3949 779 3979 “
795 3943 883 4025 Sine,
896 3943 913 3967 ''
944 3944 1064 4030 inquit,
1098 3950 1114 3980 “
1130 3949 1232 4032 pater,
1271 3967 1332 4011 nec
1369 3946 1460 4009 tanti
1493 3945 1580 4033 regis

524 4046 605 4111 velis
643 4046 798 4111 infestare
842 4046 996 4132 quietem,
1043 4068 1102 4112 nec
1147 4047 1336 4135 integritati
1373 4049 1442 4113 eius
1483 4072 1582 4136 quam

525 4148 677 4215 Christus
701 4155 735 4214 et
765 4150 934 4236 hucusque
966 4150 1112 4215 servavit
1142 4150 1270 4236 aliquid
1299 4151 1483 4217 minuere.'’
1527 4152 1582 4217 Ad

523 4250 593 4317 haec
616 4252 808 4340 episcopus:
835 4253 1011 4339 “Optime
1038 4251 1190 4339 loqueris,
1220 4252 1316 4319 abba.
1365 4253 1443 4320 Non
1469 4262 1584 4321 tamen

523 4353 611 4421 hunc
634 4378 743 4421 meum
766 4360 921 4421 conatum
950 4355 1201 4443 praesumptioni
1231 4356 1378 4443 deputes,
1402 4358 1461 4423 sed
1485 4360 1585 4424 devo

523 4456 628 4536 tioni;
651 4480 726 4523 cum
756 4459 972 4544 reliquiarum
1003 4458 1073 4524 eius
1104 4460 1158 4524 vel
1188 4459 1352 4524 modicam
1382 4462 1581 4547 portionem,

526 4668 734 4677 -—...-..-—-—.-..
744 4670 1572 4683 *ww-*m

559 4790 738 4857 'scrwanno]
758 4796 986 4855 annosextodllS,
1053 4796 1060 4860 Ι
1124 4794 1282 4862 ἀοειᾰακὶ]
1300 4796 1406 4857 accedit,
1419 4796 1478 4847 MS.
