3567 5800
526 834 592 898 224
792 849 856 899 aio.
880 818 928 899 nn
949 848 1082 900 cnunc
1104 848 1196 899 sanc.
1219 848 1306 898 nisa

524 1037 701 1115 dubitasse,
725 1059 799 1102 cum
830 1038 871 1103 de
904 1055 1002 1103 causa
1032 1037 1148 1103 taliter
1178 1037 1386 1125 disputarint.
1442 1036 1558 1103 Praebet

524 1145 611 1205 certe
632 1140 731 1227 regiae
753 1140 900 1205 castitati
930 1140 1156 1205 testimonium
1186 1140 1314 1226 puritas
1344 1141 1471 1220 mentis,
1492 1160 1556 1226 quae

524 1242 567 1305 ab
583 1243 672 1307 omni
694 1241 794 1308 feeoe¹
818 1242 896 1308 vitii
929 1242 1092 1328 pulsantis
1126 1242 1272 1329 eliquata
1293 1247 1328 1307 et
1349 1242 1445 1331 longe
1465 1244 1558 1329 posita

523 1344 616 1430 quasi
648 1345 825 1431 praesentia
859 1344 1082 1431 contemplari,
1121 1349 1157 1410 et
1188 1346 1303 1411 futura
1337 1346 1450 1432 potuit
1477 1344 1557 1431 quasi

522 1469 590 1533 prae
629 1446 731 1513 oculis
768 1447 834 1513 sita
871 1468 1071 1534 cognoscem,
1107 1447 1193 1514 sicut
1222 1468 1361 1534 sequens
1393 1447 1557 1536 capitulum

523 1549 710 1616 declarabit

960 1942 1041 2009 Cae.
1066 1940 1148 2009 ΧΠ.

524 2130 693 2213 Quomodo
723 2130 766 2196 ia
796 2152 928 2197 emessa
957 2129 1084 2197 amotis
1109 2152 1220 2218 repom
1243 2129 1363 2196 Docioe
1387 2129 1478 2197 eisc
1503 2146 1556 2193 esse

938 2234 1159 2301 acbmeceuua

562 2422 710 2489 Annali
749 2423 818 2491 dies
856 2447 916 2512 pro
949 2425 1015 2490 diei
1046 2425 1137 2492 illius
1167 2425 1393 2492 recordatione
1427 2423 1554 2494 farivus

521 2544 586 2610 quo
625 2526 668 2591 ad
705 2528 930 2592 renovandam
968 2527 1086 2593 faciem
1120 2533 1216 2595 terrae
1254 2527 1401 2615 Spiritus
1438 2521 1555 2592 Domini

517 2628 660 2715 replevit
692 2630 805 2695 orbem
839 2635 1013 2708 terrarum,
1038 2635 1073 2696 et
1095 2632 1245 2719 purgatis
1275 2630 1447 2696 mentibus
1475 2624 1555 2693 disci·

517 2730 672 2815 pulorum
695 2731 840 2797 Divinus
874 2733 961 2819 ignis
993 2733 1128 2820 illapsus
1150 2754 1205 2799 eos
1236 2737 1271 2798 et
1304 2731 1504 2798 illuminavit
1521 2728 1556 2793 ad

517 2832 698 2912 scientiam,
732 2838 767 2901 et
800 2834 970 2921 liquefecit
1002 2834 1046 2901 ad
1075 2836 1227 2924 gratiam,
1263 2840 1298 2901 et
1328 2834 1497 2901 induravit
1521 2829 1556 2895 ad

518 2957 659 3022 poenam.
716 2935 767 3001 Ea
789 2937 843 3002 die
865 2959 926 3003 rex
947 2937 1067 3003 beatus
1089 2937 1213 3004 divinis
1245 2937 1401 3004 laudibus
1425 2936 1557 3004 devotius

518 3038 719 3119 insistebat3
764 3039 911 3105 exterius
949 3039 1082 3126 quidem
1118 3045 1245 3128 sceptro
1293 3041 1444 3128 insignis,
1479 3041 1557 3104 veste

518 3139 719 3228 splendidus,
751 3141 842 3229 regio
877 3143 1063 3209 diademate
1095 3150 1290 3222 coronatus3
1325 3143 1465 3209 interius
1490 3161 1556 3205 vero

521 3245 611 3330 quod
633 3244 669 3308 in
692 3243 743 3309 bis
765 3243 898 3309 honoris
920 3249 992 3310 erat
1014 3235 1240 3312 arbitrabatur
1252 3249 1293 3310 ut
1313 3251 1465 3324 stercora,
1480 3239 1556 3331 quod

519 3347 715 3411 sacramenti
746 3347 940 3427 sustinebat,
963 3369 1023 3434 pro
1046 3348 1251 3415 conscientia.
1305 3348 1419 3414 Affuit
1440 3345 1556 3432 Angliae

519 3453 593 3514 tcta
614 3449 771 3515 nobilitas
793 3451 828 3514 in
851 3451 980 3516 vestitu
1002 3450 1160 3516 deaurato
1182 3451 1386 3517 circumdata
1399 3451 1556 3526 varietate,

519 3572 643 3615 sacram
667 3551 733 3616 diei
755 3551 1009 3618 sollemnitatem
1033 3559 1067 3618 et
1089 3554 1213 3641 regiam
1244 3555 1342 3620 simul
1363 3557 1556 3621 maiestatem

521 3653 644 3719 bonore
679 3676 744 3740 quo
775 3660 930 3741 poterant
963 3662 1168 3722 venerantes.
1223 3656 1318 3723 Inter
1347 3679 1441 3724 sacra
1469 3655 1558 3744 igitur

352 3759 499 3843 Edwartlat
521 3755 694 3822 missarum
728 3755 899 3822 sollemnia
933 3780 1008 3845 quae
1041 3759 1078 3823 in
1116 3759 1251 3824 ecclesia
1279 3759 1371 3825 beati
1403 3759 1496 3826 Petri
1527 3757 1557 3820 in

353 3827 491 3880 ilesunrn·

353 3903 404 3946 ster
414 3912 447 3946 ou

352 3961 436 4012 lvna-

352 4032 461 4098 sunday.

520 3858 596 3924 sede
618 3881 678 3924 sua
699 3859 790 3947 regia
804 3859 895 3946 apud
910 3859 1240 3926 westmonasterium
1255 3860 1297 3926 ad
1320 3862 1426 3928 altare
1442 3862 1557 3929 Sancta

520 3961 694 4028 Trinitatis
727 3962 985 4042 celebrabantur,
1008 3970 1119 4030 totum
1152 3986 1188 4030 se
1219 3965 1257 4029 in
1287 3986 1321 4030 se
1347 3964 1508 4053 colligens,
1528 3965 1557 4026 et

520 4065 725 4152 spbitalibus
747 4065 941 4152 temporalia
962 4072 1081 4132 cuncta
1102 4072 1308 4154 postponens,
1323 4067 1361 4132 in
1375 4067 1555 4134 sacrificium

519 4167 602 4233 illud
639 4169 728 4256 quod
765 4191 824 4255 pro
862 4169 1010 4235 omnium
1048 4167 1247 4235 offerebatur
1282 4169 1388 4235 salute
1426 4167 1557 4235 intendit

519 4272 693 4352 animum3
736 4275 770 4337 ct
807 4270 872 4336 sibi
909 4272 1059 4358 gratiam,
1098 4293 1212 4357 pacem
1249 4272 1380 4359 populo,
1419 4270 1557 4338 omnibus

518 4374 649 4438 veniam
687 4374 878 4460 suppliciter
925 4363 1133 4459 precabatur.
1194 4374 1240 4438 Et
1277 4396 1349 4440 ecoe
1386 4375 1467 4440 hora
1500 4393 1556 4458 qua

518 4476 674 4561 spiritalis
697 4476 854 4541 alimonia
885 4475 1115 4540 assistentibus
1149 4475 1353 4558 tundebatur,
1376 4477 1485 4543 subito
1505 4495 1556 4540 nex
