3567 5800
527 853 592 916 184
785 865 853 918 mu
876 867 1192 920 aremarensem
1217 869 1303 920 msr.

525 1056 662 1119 enatum
684 1073 727 1117 ex
751 1053 869 1118 Emma
893 1053 966 1118 filia
990 1053 1124 1120 Ricardi
1152 1054 1256 1121 Primi
1286 1056 1379 1123 ducis
1409 1055 1557 1122 Narman-

525 1177 644 1221 norum
673 1157 817 1222 secunda
840 1157 979 1243 coniuge
1005 1179 1065 1223 sua
1090 1163 1125 1224 et
1153 1157 1340 1247 Anglorum
1362 1158 1473 1247 regina
1494 1179 1556 1223 sus·

526 1263 657 1345 oeptum
689 1280 801 1346 regom
837 1257 1011 1325 Danorum
1047 1260 1197 1327 coronari
1233 1261 1320 1341 feeit,
1352 1261 1557 1350 Angliamque

526 1367 640 1449 postea
660 1383 809 1428 reversus
831 1367 890 1428 est

359 1481 516 1532 enutonthe
571 1465 624 1530 De
656 1465 721 1532 isto
754 1469 867 1530 autem
892 1485 969 1551 rege
993 1464 1146 1532 Onutone
1168 1487 1236 1531 non
1258 1467 1406 1532 arbitror
1431 1487 1495 1532 esse
1517 1471 1560 1530 ta·

357 1547 515 1666 maffia
527 1568 675 1646 cendum,
699 1535 796 1654 quod,
817 1589 892 1633 eum
915 1567 1082 1654 eleganter
1094 1567 1227 1634 floreret
1242 1568 1279 1632 in
1294 1569 1406 1656 regnis
1421 1571 1559 1655 potenter

358 1681 428 1732 al).
445 1687 514 1734 maa.
526 1669 712 1757 adquisitis,
726 1669 870 1756 regalem
884 1669 1074 1734 cathedram
1089 1669 1126 1734 in
1141 1669 1238 1737 litore
1252 1671 1353 1736 marm
1366 1669 1559 1737 aseendentia

525 1773 630 1839 statui
660 1772 747 1853 feeit,
778 1777 815 1839 et
851 1773 888 1836 in
926 1793 965 1837 ea
1001 1772 1157 1853 residens,
1194 1774 1425 1838 comminando
1461 1771 1557 1838 dixit:

526 1876 612 1941 “Tu
642 1897 724 1942 meae
746 1874 884 1941 dicionis
905 1897 947 1954 es,
971 1880 1007 1942 et
1028 1880 1119 1941 terra
1141 1875 1178 1940 in
1200 1898 1266 1963 qua
1287 1876 1383 1942 sedeo
1406 1897 1478 1941 mea
1498 1879 1559 1953 est3

524 2000 585 2045 nee
605 1983 658 2044 est
679 1978 717 2042 in
737 1999 778 2044 ea
803 1977 978 2064 quisquam
1001 1977 1058 2063 qui
1080 1977 1215 2064 impune
1236 1999 1310 2044 meo
1332 1978 1483 2044 resistere
1506 1975 1558 2040 im-

524 2082 615 2169 perio
637 2102 739 2146 ausus
768 2081 905 2146 existat.
966 2079 1098 2167 Impero
1120 2101 1209 2148 nunc
1230 2079 1305 2162 tibi,
1328 2101 1369 2146 ne
1392 2081 1431 2145 in
1451 2085 1559 2144 terram

523 2206 631 2250 meam
664 2183 826 2262 ascendas,
861 2203 922 2246 nee
954 2186 1063 2248 vestes
1092 2203 1180 2248 meas
1213 2183 1339 2271 regales
1372 2182 1558 2248 madefacere

523 2285 728 2374 praesumas?
788 2285 855 2351 Sed
884 2307 976 2350 mare
1005 2285 1047 2350 de
1069 2306 1162 2351 more
1184 2285 1369 2367 aseendens,
1400 2308 1462 2352 nea
1488 2306 1558 2372 pra

523 2389 626 2476 ceptis
655 2388 726 2454 eius
757 2387 998 2474 obtemperans,
1036 2388 1135 2474 pedes
1173 2389 1259 2475 regis
1296 2393 1332 2454 et
1367 2411 1465 2454 erura
1498 2387 1557 2451 sine

522 2490 709 2557 reverentia
737 2489 920 2555 madefecit
967 2489 1040 2554 Rex
1059 2490 1162 2577 igitur
1185 2491 1254 2556 fere
1279 2491 1379 2556 nimis
1400 2490 1494 2556 tarde
1510 2510 1559 2553 ex·

522 2594 618 2660 iliens
631 2593 700 2658 ait:
726 2599 745 2627 “
761 2592 877 2658 Sciant
899 2613 1012 2658 omnes
1034 2590 1235 2658 habitatores
1250 2593 1338 2659 orbis
1360 2615 1482 2659 vanam
1495 2613 1555 2658 esse

523 2701 557 2762 et
579 2695 735 2784 frivolam
754 2717 870 2782 regum
892 2694 1085 2782 potentiam,
1108 2717 1169 2761 nee
1190 2695 1276 2784 regis
1298 2696 1433 2762 nomine
1458 2715 1556 2781 quem-

523 2800 613 2886 piam
635 2799 704 2863 fore
719 2797 867 2885 dignum,
891 2802 1012 2884 praeter
1026 2818 1102 2863 eum
1117 2797 1210 2863 ouius
1233 2804 1319 2863 nutu
1342 2799 1463 2864 eoelum
1483 2803 1559 2862 term

523 2908 559 2968 et
580 2924 671 2967 mare
692 2922 767 2967 oum
790 2901 945 2966 omnibus
960 2923 1033 2987 quae
1047 2901 1084 2965 in
1099 2901 1146 2966 eis
1160 2906 1239 2967 sunt
1260 2901 1390 2989 legibus
1411 2899 1557 2967 obediunt

523 3002 761 3093 sempiternis.'’
806 3002 880 3068 Rex
902 3024 1031 3090 quoque
1051 3002 1204 3091 deinoeps
1226 3026 1398 3091 nunquam
1419 3023 1557 3070 eoronam

523 3108 680 3196 portavit,
703 3107 761 3172 sed
783 3128 937 3171 coronam
959 3128 1052 3171 suam
1074 3128 1171 3193 super
1194 3112 1293 3194 eaput
1322 3106 1477 3195 imaginis
1497 3126 1556 3170 eru·

524 3212 614 3277 eifixi
651 3230 856 3297 componens,
893 3230 1051 3296 magnum
1094 3208 1225 3295 regibus
1269 3209 1390 3276 futmis
1427 3206 1556 3298 praebuit

524 3313 727 3380 humilitatis
749 3311 945 3398 exemplum

354 3609 511 3726 fffflt
575 3640 828 3706 commemo.
871 3638 923 3705 ne
941 3636 1122 3725 aaran
1148 3636 1335 3705 aarum
1357 3636 1431 3705 aa
1452 3638 1515 3704 aa·

353 3743 483 3862 {omn
735 3740 863 3827 Anulis
885 3747 969 3807 tune
990 3740 1150 3827 amposta
1169 3738 1346 3827 proediota.

352 3962 485 4028 Propheey
570 3948 717 4029 QUIDAM
751 3944 805 4010 vir
841 3943 906 4009 Dei
943 3942 1099 4029 praedixit
1135 3948 1215 4009 tune
1246 3942 1372 4031 miglis,
1406 3942 1492 4029 quod
1521 3962 1557 4005 ex

351 4030 467 4146 ‘ffiffl
523 4052 680 4119 seelemm
702 4068 834 4115 suorum
856 4045 1071 4123 immanitate,
1105 4044 1163 4130 qui
1194 4066 1261 4110 non
1291 4044 1396 4110 solum
1427 4044 1506 4111 eaedi
1525 4064 1558 4106 ae

353 4162 477 4214 invasion.
523 4152 701 4243 proditioni
730 4149 937 4228 insistebant,
960 4147 1017 4213 sed
1050 4151 1084 4211 et
1114 4146 1269 4213 ebrietati
1302 4153 1337 4212 et
1358 4146 1556 4234 negligentia

523 4259 639 4323 domus
660 4256 725 4322 Dei
747 4253 855 4319 dediti
884 4255 986 4328 erant,
1007 4250 1210 4337 insperatum
1235 4249 1280 4315 eis
1304 4271 1324 4314 a
1347 4248 1486 4315 Francia
1506 4248 1556 4312 ad·

522 4366 700 4426 venturum
722 4356 915 4434 dominium,
947 4354 1035 4439 quod
1068 4356 1102 4418 et
1134 4374 1246 4419 eorum
1279 4352 1505 4418 excellentiam
1524 4351 1556 4414 iu

520 4468 715 4551 perpetuum
737 4460 943 4545 deprimeret,
965 4462 1000 4521 et
1032 4456 1189 4521 honorem
1215 4455 1285 4520 sine
1306 4453 1450 4521 termino
1471 4452 1556 4518 resti-

519 4564 662 4631 tutionis
684 4562 889 4628 eventilaret
944 4558 1105 4625 Praedixit
1126 4558 1236 4636 etiam,
1259 4556 1348 4642 quod
1370 4578 1438 4623 non
1460 4555 1557 4621 solum

520 4690 559 4734 ea
580 4690 669 4754 gens,
685 4666 744 4731 sed
765 4670 801 4729 et
822 4664 923 4729 etiam
946 4682 1027 4748 gens
1049 4660 1237 4726 Scottorum
1259 4680 1341 4745 quos
1355 4658 1459 4745 Angli
1474 4655 1555 4721 vilia

519 4772 619 4837 simos
641 4768 817 4844 aeatimant,
841 4766 884 4832 ad
917 4763 1086 4830 emeritam
1121 4762 1341 4828 eonfusionem
1364 4760 1482 4847 Anglis
1502 4756 1556 4821 do-
