3567 5800
504 851 568 920 ]72
761 866 825 917 a1c
846 868 896 917 ns
918 868 1053 918 ornare.
1079 870 1169 920 sruo.
1194 871 1280 921 mss.

500 1057 617 1117 ventos
641 1052 765 1120 dictum
788 1056 959 1121 dominum
982 1078 1076 1121 suum
1099 1078 1209 1144 regem
1226 1057 1437 1121 Edmundum
1459 1060 1547 1145 apud

502 1155 666 1220 Oxoniam
697 1158 905 1237 interfecisse,
941 1160 999 1245 qui
1032 1160 1119 1225 ultro
1154 1182 1209 1247 spe
1244 1161 1389 1247 ingentis
1420 1162 1547 1247 praemii

499 1258 624 1323 factum
639 1260 825 1325 detulerant
846 1261 890 1326 ad
912 1283 1019 1348 regem
1035 1262 1230 1339 Gnutonem
1246 1264 1334 1350 apud
1356 1285 1390 1327 se
1412 1264 1547 1329 interim

499 1359 628 1438 celatos,
651 1384 771 1449 magna
792 1364 979 1449 frequentia
1009 1366 1122 1451 populi
1153 1365 1312 1451 produxit
1333 1366 1370 1429 in
1392 1366 1546 1444 medium,

498 1463 671 1550 palamque
704 1487 807 1552 genus
840 1466 1036 1531 insidiarum
1069 1472 1103 1531 et
1140 1466 1274 1532 modum
1308 1467 1546 1534 interfectionis

498 1566 656 1651 professos
677 1568 846 1653 suppliciis
867 1568 1039 1655 condignis
1061 1574 1095 1633 et
1117 1570 1217 1633 morti
1232 1569 1446 1635 adiudicavit.
1492 1570 1547 1635 Ad

498 1668 569 1734 haec
590 1669 842 1738 nefandissimus
864 1670 1015 1757 proditor
1029 1670 1187 1736 Eadricus
1210 1672 1287 1752 dux,
1311 1672 1403 1736 euius
1426 1673 1545 1758 saepius

498 1771 698 1836 mentionem
721 1772 866 1851 fecimus,
901 1778 1074 1859 postquam
1097 1774 1138 1838 de
1160 1795 1238 1839 nece
1268 1774 1354 1859 regis
1377 1772 1546 1839 Edmondi

498 1873 587 1958 quod
610 1875 780 1961 cupiverat
802 1877 845 1941 ad
867 1874 1019 1941 effectum
1041 1876 1250 1962 perduxisset
1272 1882 1306 1941 ct
1328 1876 1464 1941 consilio
1486 1898 1545 1941 suo

496 1975 616 2041 fratres
638 1977 706 2042 eius
728 1984 762 2043 et
784 1978 870 2043 filios
892 1999 913 2041 a
935 2000 1036 2065 regno
1059 1978 1268 2059 eliminasset,
1290 1980 1334 2043 ad
1357 1978 1542 2045 Onutonem

496 2100 606 2165 regem
627 2079 663 2143 in
686 2079 739 2145 die
754 2080 949 2168 Epiphaniae
971 2080 1065 2166 quasi
1082 2082 1112 2145 ei
1134 2082 1422 2168 congratulaturus
1436 2082 1541 2147 venit

496 2180 620 2246 Eodem
659 2183 780 2269 quippe
816 2192 963 2269 tempore
995 2182 1082 2247 idem
1118 2181 1227 2248 Onuto
1251 2204 1332 2248 'rex
1363 2183 1542 2249 Londoniis

494 2291 716 2350 sacrosanctos
748 2285 871 2350 natalia
906 2285 1040 2349 Domini
1075 2285 1143 2350 dies
1177 2308 1252 2351 curn
1285 2308 1406 2372 magna
1438 2287 1543 2373 gloria

493 2390 615 2471 coluit;
638 2397 672 2457 et
694 2391 832 2478 praefato
854 2392 916 2469 die,
941 2392 1094 2457 videlicet
1117 2392 1317 2478 Epiphaniae.
1341 2393 1377 2457 in
1399 2394 1540 2479 quodam

447 2520 453 2540 ·
494 2494 627 2559 castello
648 2493 737 2579 quod
759 2515 847 2560 nunc
862 2494 1031 2579 Baynardi
1055 2494 1176 2559 dicitur
1198 2494 1285 2560 infra
1307 2497 1430 2561 moenia
1444 2496 1540 2561 dictae

413 2623 419 2635 ·
495 2597 692 2662 Londonicse
707 2596 852 2661 civitatis
874 2597 997 2661 situato
1019 2618 1093 2661 cum
1116 2598 1206 2661 omni
1229 2598 1374 2685 tripudio
1390 2599 1540 2685 epulatus

494 2710 551 2769 est.
597 2704 740 2769 Prandio
754 2725 832 2769 vero
849 2704 945 2768 finito
969 2704 1179 2791 surgentibus
1201 2705 1353 2770 omnibus
1375 2728 1396 2769 a
1418 2728 1538 2785 mensas,

494 2808 562 2872 dux
592 2809 702 2895 iniqua
724 2809 861 2873 Edrieus
895 2813 1025 2874 saturus
1057 2813 1090 2873 et
1112 2808 1192 2873 vino
1228 2808 1336 2873 calens
1369 2831 1438 2875 sese
1471 2811 1540 2897 regi

492 2910 640 2978 Cnntoni
673 2912 897 2998 praesentavit,
932 2911 1113 2997 imprecans
1143 2912 1174 2976 ei
1197 2912 1303 2977 vitam
1326 2917 1360 2977 et
1391 2913 1538 3000 gloriam.

490 3019 563 3082 Rex
586 3019 719 3105 quidem
735 3018 846 3085 Onnto
868 3039 944 3083 eum
964 3019 1147 3083 resalutans
1171 3023 1205 3082 et
1228 3040 1301 3083 cum
1324 3041 1425 3083 comu
1440 3043 1538 3085 aureo

489 3143 577 3186 mero
599 3123 696 3207 pleno
718 3121 761 3185 ad
783 3126 899 3208 potum
921 3121 1068 3184 invitans
1093 3121 1256 3204 (cornibus
1279 3121 1366 3186 enim
1388 3121 1537 3188 solebant

489 3223 578 3288 Dani
600 3214 737 3311 bibere),
751 3223 931 3288 clarissimo
947 3223 1044 3287 vultu
1067 3222 1160 3287 iubet
1182 3245 1257 3286 eum
1272 3245 1365 3308 aeque
1387 3225 1536 3305 gaudere.

490 3325 586 3405 Quod
608 3326 744 3393 Edricus
766 3326 883 3390 videns
917 3328 951 3390 et
982 3324 1106 3389 bonum
1140 3346 1233 3410 reque
1264 3325 1347 3390 ferre
1380 3328 1535 3405 nesciens,

487 3429 608 3494 fiducia
640 3429 832 3494 meritorum
863 3427 1022 3492 beneficia
1055 3427 1125 3512 regi
1161 3426 1309 3492 Cnutoni
1347 3449 1407 3492 sua
1442 3430 1535 3514 quasi

488 3530 705 3595 amicabiliter
737 3532 961 3616 improperans
980 3529 1272 3594 remunerationis
1309 3531 1535 3616 proditionum

488 3653 620 3697 suarum
641 3637 786 3718 tempore
809 3633 965 3707 instante,
997 3631 1099 3695 verba
1122 3631 1171 3695 sui
1195 3631 1352 3696 interitus
1374 3633 1421 3697 sic
1443 3655 1534 3699 orsus

487 3743 544 3803 est.
617 3743 637 3773 “
651 3736 730 3803 Nou
760 3735 945 3816 inmerito‚''
983 3736 1100 3822 inquit,
1141 3742 1201 3801 “0
1232 3758 1298 3814 ren,
1330 3737 1444 3803 hilaris
1475 3744 1545 3804 tua-

486 3840 584 3905 facies
606 3840 688 3905 mihi
711 3844 863 3904 serenat:
898 3860 956 3926 per
978 3859 1030 3902 me
1053 3837 1176 3903 etenim
1198 3839 1358 3904 iocundus
1380 3841 1442 3905 iste
1466 3841 1533 3908 dies

486 3943 550 4008 tibi
582 3943 705 4022 illuxit,
740 3964 805 4028 quo
836 3947 909 4007 tota
942 3940 1060 4027 potiris
1086 3941 1218 4027 Anglia.
1270 3941 1358 4006 Nam
1391 3945 1532 4028 primum

484 4068 544 4132 per
565 4069 617 4111 mc
632 4045 747 4111 multis
769 4044 889 4131 populo
905 4043 1088 4127 Anglorum
1113 4049 1148 4108 et
1169 4044 1286 4128 patriae
1310 4044 1405 4110 malis
1421 4046 1532 4127 illatis,

485 4148 626 4214 inimicis
646 4150 714 4213 tun
737 4147 810 4212 aliis
833 4146 1016 4233 prostratis,
1032 4145 1105 4210 aliis
1121 4167 1142 4210 a
1163 4145 1271 4231 patria
1293 4148 1530 4226 exterminatis

484 4251 645 4336 potiorem
667 4250 761 4337 regui
782 4255 910 4336 partem
933 4247 1115 4313 obtinuisti
1183 4247 1217 4311 N
1219 4269 1282 4313 unc
1304 4253 1425 4330 autem,
1453 4272 1531 4336 quo-

483 4355 574 4420 niam
596 4355 764 4420 inimicum
785 4358 882 4417 tunm
905 4350 997 4414 illum
1019 4351 1195 4436 pessimum
1212 4350 1423 4416 Edmundum
1447 4374 1529 4418 unco

484 4461 587 4524 ferreo
610 4459 689 4523 iussi
710 4478 769 4543 pro
784 4457 836 4520 tui
858 4475 968 4519 amore
992 4453 1102 4532 occidi,
1119 4458 1153 4516 et
1175 4453 1308 4518 consilio
1331 4476 1403 4519 meo
1419 4477 1528 4520 omnes

484 4584 563 4647 qnos
585 4561 689 4625 vereri
712 4564 843 4645 poteras
866 4559 937 4621 eius
959 4556 1092 4620 heredes
1115 4555 1223 4640 patria
1246 4557 1382 4641 expuli3
1415 4557 1528 4622 iccirco

482 4685 570 4728 nuuc
593 4684 690 4749 super
716 4683 812 4726 omne
835 4680 975 4747 regnum
1001 4659 1140 4744 gloriose
1163 4679 1288 4744 regnas
1357 4658 1429 4725 Neo
1453 4681 1527 4746 ergo

482 4767 602 4831 mirum
628 4765 691 4830 erit
716 4765 744 4829 si
770 4765 920 4850 deinceps
944 4761 1027 4827 mihi
1050 4759 1208 4826 iocundus
1238 4759 1388 4825 exutas?
1449 4762 1526 4842 Qui-
