3567 5800
423 858 471 908 nn
492 858 607 911 umus
629 858 751 911 neuun
771 847 1108 922 Auen-111.12,13.
1245 846 1287 918 67

238 1044 406 1112 Aluredus
424 1068 616 1135 prosperum
638 1047 670 1114 ei
691 1068 830 1135 regnum
850 1048 930 1114 olim
951 1048 1149 1135 imprecetur
1170 1046 1287 1127 flueret,

237 1148 357 1214 videns
378 1154 414 1217 et
434 1152 578 1239 gratiose
608 1150 796 1238 complexus
827 1156 981 1239 spectate
1012 1150 1129 1239 speciei
1150 1172 1289 1240 puerum

239 1257 277 1317 et
320 1257 477 1340 gestuum
520 1255 727 1342 elegantiam
795 1254 903 1336 Quem
947 1254 1048 1321 etiem
1092 1258 1289 1343 praemeture

238 1354 381 1421 militem
402 1355 532 1438 seueret,
556 1356 716 1423 donatum
747 1356 921 1444 chlamyde
944 1358 1100 1437 eoeciuee,
1123 1362 1289 1445 gemmato

238 1456 359 1537 hulten,
383 1480 459 1526 enee
481 1458 645 1527 saxonico
667 1482 741 1525 curn
763 1459 886 1549 regine
908 1481 1013 1526 auree
1060 1458 1140 1527 Poet
1162 1458 1232 1527 haee
1253 1459 1290 1525 in

239 1560 334 1625 curie
377 1560 574 1629 Ethelfledae
617 1566 654 1629 et
696 1562 810 1650 generi
861 1561 1032 1629 Ethelredi
1083 1562 1289 1629 educendum

239 1667 422 1742 curaverat
453 1663 513 1730 ubi
546 1664 652 1733 multo
685 1666 795 1732 studio
832 1666 943 1733 emitae
981 1670 1016 1731 et
1053 1664 1289 1752 praeeleriseimi

240 1766 335 1832 dueis
357 1767 401 1833 ad
423 1788 521 1833 omen
541 1768 636 1855 regni
657 1768 752 1846 ultus,
779 1767 885 1854 glorie
906 1766 1072 1833 virtutum
1094 1766 1233 1833 eeleevit
1256 1771 1291 1831 et

240 1868 361 1955 premit
399 1870 569 1949 invidiam,
610 1875 685 1958 post
720 1876 860 1937 mortem
905 1870 1009 1957 patrie
1046 1874 1081 1936 et
1116 1868 1289 1935 interitum

238 1972 353 2037 fratris
373 1971 482 2059 epud¹
518 1974 724 2061 Kyngeeton,
754 1974 840 2039 sieut
861 1972 1088 2059 praemieimus‚
1111 1976 1289 2039 coronetur.

240 2074 343 2142 Unde
375 2098 436 2165 pro
465 2082 637 2143 tentorum
666 2097 873 2143 eueeeesuum
908 2075 1013 2162 glorie
1046 2080 1080 2141 et
1113 2074 1201 2141 illiue
1224 2074 1287 2141 diei
1343 2154 1348 2165 Ι
1440 2154 1443 2163 Ι

238 2176 361 2244 loetitia
381 2201 450 2245 non
470 2179 592 2246 iniurie
613 2178 780 2245 vemifieue
801 2177 983 2245 exclamet:

714 2368 834 2433 vem.

335 2511 433 2591 Regia
451 2512 612 2591 progenies
632 2514 779 2590 produxit
799 2511 922 2573 nobile²
943 2518 1076 2585 etemme,

337 2605 415 2666 Cum
434 2605 568 2665 tenebris
588 2607 700 2666 noetrie
720 2606 825 2665 illuxit
847 2606 1004 2683 splendide
1022 2622 1148 2683 gemme,

335 2698 467 2775 Magnus
486 2698 708 2772 AEthelstenns,
728 2698 834 2776 patrie
858 2698 960 2771 decus,
980 2699 1078 2758 orbita
1097 2698 1181 2771 recti,

337 2790 470 2851 Illustrir
488 2792 633 2869 probiter,
653 2792 691 2851 de
711 2810 784 2851 vero
804 2792 908 2851 nescia
926 2792 1029 2861 fleeti3

336 2883 388 2943 Ad
400 2885 496 2962 petris
515 2884 648 2945 edietum
668 2884 756 2944 dutus
776 2885 808 2944 in
828 2884 1006 2944 documenta
1025 2882 1193 2945 scholarum

336 2977 490 3037 Extimuit
509 2979 627 3055 rigidos
646 2977 744 3036 ferula
764 2977 931 3055 crepitante
951 2979 1119 3055 magistros,

337 3069 379 3128 Et
398 3079 507 3148 potens
526 3071 625 3130 eridie
645 3071 788 3130 doctrine
807 3071 897 3131 melle
916 3071 1055 3130 medullis

336 3163 481 3223 Decurrit
499 3171 629 3238 teneros,
650 3164 704 3224 eed
723 3182 784 3224 non
802 3164 969 3242 pueriliter,
991 3182 1095 3226 ennoe-

338 3255 414 3315 Mox
435 3256 635 3317 edoleeeentie
655 3256 782 3317 restitue
801 3257 876 3316 flore
897 3257 1027 3316 iuventae

337 3349 501 3409 Armorum
521 3351 653 3410 studium
672 3349 822 3410 uertebat
840 3356 927 3428 petre
946 3350 1077 3423 iubente,

339 3439 400 3501 Sed
418 3460 475 3502 nee
494 3441 527 3502 in
547 3441 604 3502 hoe
625 3460 747 3519 segnem
766 3447 925 3502 senuerunt
943 3441 1053 3501 bellice
1072 3443 1146 3517 iul-u¹

335 3533 374 3592 Id
392 3553 512 3614 quoque
531 3534 682 3613 posteriue
701 3534 815 3595 iuravit
835 3535 957 3613 publice
977 3553 1058 3595 eure.

338 3625 473 3686 Functus
493 3634 559 3687 eret
579 3627 642 3688 leto
661 3634 748 3706 peter
767 3629 850 3688 omni
869 3628 1009 3705 preeluie
1030 3647 1103 3702 aevo,

337 3717 490 3797 Perpetua
507 3719 589 3780 ferne
608 3721 746 3782 vieturue
766 3721 876 3782 eeeule
895 3728 1014 3782 cuncte.

253 3801 257 3806 ⁵
338 3811 425 3872 'l'une
443 3813 563 3873 invenie
581 3833 690 3873 nornen
709 3815 798 3892 regni
819 3814 965 3874 elemetur
985 3815 1018 3872 in
1038 3831 1134 3888 omen,

339 3905 389 3964 Ut
402 3905 503 3966 fauete
522 3909 635 3985 petriee
654 3907 745 3966 titulo
764 3907 938 3968 moderetur
957 3907 1099 3968 hebenes.

340 3996 532 4060 Conveniunt
551 4017 692 4076 proeeree
711 4006 743 4060 et
763 4007 946 4077 componunt
966 4001 1111 4074 diedeme,

338 4089 499 4153 Pontifices
519 4092 634 4170 puriter
653 4093 728 4152 dunt
747 4093 848 4152 infidis
868 4093 1048 4164 enetheme;

248 4233 254 4240 .
338 4183 457 4246 Emieet
476 4186 509 4246 in
529 4186 649 4264 populis
670 4187 757 4246 solito
776 4185 916 4246 festivior
936 4187 1026 4264 ignis,

339 4276 382 4336 Et
399 4279 531 4356 produnt
551 4279 644 4339 veriie
665 4279 757 4338 enimi
777 4279 944 4356 penetralia
964 4277 1069 4356 signis.

338 4369 436 4432 Ardet
455 4372 583 4450 quisque
604 4391 692 4432 suum
709 4369 776 4450 regi
794 4379 960 4432 monstrare
981 4371 1135 4442 favorem

339 4463 399 4526 Hic
418 4465 514 4539 timet,
534 4466 586 4525 hie
605 4472 730 4544 speret3
750 4463 837 4544 pellit
857 4483 925 4544 epes
940 4463 1039 4543 ample
1058 4481 1209 4543 pavorem.

314 4783 606 4854 mmmmm
832 4781 1111 4852 'dilemma

1103 4887 1163 4950 nt
