3567 5800
530 835 594 899 128
786 852 851 901 mo
875 852 923 901 nu
945 854 1081 905 crunno.
1106 854 1196 904 spuo.
1219 853 1307 904 msr.

528 1033 603 1114 Qua
624 1034 666 1101 de
692 1056 790 1101 ouuee
820 1038 890 1125 regi
923 1038 1055 1125 Edgero
1077 1038 1160 1106 hore
1182 1040 1367 1105 meridiane
1393 1038 1561 1127 qnimoenti

525 1137 679 1223 apperuit
700 1138 835 1223 quidam
857 1144 972 1227 pectus
994 1143 1080 1229 regie
1102 1143 1287 1229 percutiens
1309 1144 1429 1209 lunoen
1472 1142 1561 1209 Unde

525 1245 602 1326 poet
623 1261 775 1306 somnum
797 1240 897 1309 iussit
918 1265 978 1311 rex
1000 1250 1040 1310 ut
1062 1251 1159 1333 rupte
1179 1246 1442 1313 motituerentm.

356 1496 513 1565 Roowmt

355 1566 488 1685 aaut
937 1561 1015 1627 ΟΔΡ.
1038 1558 1165 1626 XXIV.

356 1698 495 1754 Μ·
823 1745 1276 1835 oemmnuaooyo.

356 1940 424 1992 Ab.
438 1945 495 2003 ero,
570 1932 677 1998 Anno
710 1933 847 2001 Domini
877 1938 1164 2023 noningentesimo
1190 1936 1433 2025 septmgmimo
1454 1934 1558 2021 quinto

353 2013 478 2138 &1²⁸1ss
525 2032 585 2099 flos
615 2041 651 2104 et
684 2036 781 2103 decus
812 2060 937 2125 regum,
971 2041 1077 2127 gloria
1108 2044 1142 2105 et
1168 2040 1273 2107 honor
1295 2040 1487 2127 Anglorum,
1507 2058 1559 2101 rex

355 2158 481 2211 nendos
524 2138 677 2223 pacificus
700 2139 859 2226 Edgurus,
874 2142 967 2207 ouius
981 2142 1118 2229 largitus
1141 2149 1175 2209 et
1197 2142 1443 2229 megnifioentie
1463 2145 1558 2207 toton

353 2224 446 2290 ³⁶⁸¹*-
523 2240 592 2305 iem
623 2242 789 2328 Europum
820 2245 1013 2331 repleverat,
1049 2268 1135 2311 enno
1169 2246 1279 2312 aetetis
1312 2268 1380 2311 enee
1407 2244 1558 2311 tricesimo

522 2344 673 2424 eeoundo,
700 2344 794 2432 regni
816 2368 894 2413 vero
916 2348 1143 2427 sextodecimo,
1168 2370 1209 2413 ex
1232 2348 1295 2414 beo
1308 2348 1380 2413 vitu
1406 2346 1559 2412 mensione

521 2468 581 2533 pro
602 2468 705 2535 regno
726 2451 857 2515 terreno
871 2450 1090 2515 commutavit
1112 2454 1283 2516 oeternum.
1328 2449 1432 2515 euius
1454 2466 1559 2533 eorpus

521 2547 702 2616 Glentoniae
734 2549 882 2616 deletum
910 2557 969 2631 est,
1004 2558 1038 2618 et
1072 2551 1195 2617 ibidem
1226 2573 1316 2617 more
1345 2552 1437 2639 regio
1460 2557 1558 2616 tumn-

519 2651 632 2718 letum.
681 2651 809 2739 Corpus
831 2658 913 2719 tnno
934 2659 1023 2719 terre
1053 2659 1201 2741 opertum
1225 2660 1284 2733 eet,
1316 2654 1373 2719 eed
1396 2658 1511 2741 postea
1527 2652 1558 2715 in

519 2754 638 2820 scrinio
669 2762 825 2843 argenteo
859 2760 894 2822 et
925 2757 1079 2822 inaurato
1103 2756 1248 2823 loentum
1269 2778 1331 2843 pro
1353 2756 1475 2822 merito
1496 2776 1557 2843 per-

519 2878 607 2924 sonae
637 2857 826 2926 honoretur.
880 2857 1033 2946 Namque
1064 2880 1131 2925 non
1163 2859 1296 2925 infirmo.
1329 2859 1421 2925 inter
1442 2857 1557 2946 Angloo

388 3001 424 3052 i·
518 2960 611 3053 foma·
628 2966 687 3039 eet,
709 2961 839 3026 nullum
860 2983 923 3028 neo
944 2963 1015 3028 eius
1037 2984 1097 3028 neo
1123 2963 1299 3050 superioris
1322 2963 1435 3028 aetutio
1457 2981 1555 3048 regem

382 3084 439 3121 am.
463 3069 478 3121 ‘.
515 3068 604 3128 recto
635 3071 671 3128 et
702 3063 868 3149 aequilibri
889 3065 1011 3130 iudicio
1034 3064 1166 3153 Edgero
1187 3085 1257 3132 esee
1288 3065 1553 3152 comperandum:

431 3175 437 3187 ’
516 3165 567 3231 ite
588 3165 673 3231 nihil
704 3167 776 3232 eius
807 3167 879 3232 vite
906 3168 1060 3246 sanetius,
1093 3168 1178 3234 nihil
1209 3167 1341 3233 iustitie
1363 3167 1556 3255 probabilius

418 3294 423 3300 ·
517 3267 591 3347 fuit,
615 3269 762 3356 exeeptis
784 3268 878 3334 vitiis
901 3291 975 3356 quae
997 3275 1112 3356 postea
1134 3271 1252 3357 amplis
1274 3269 1459 3336 virtutibus
1481 3267 1557 3333 dele·

516 3371 591 3452 vit3
626 3371 683 3458 qui
714 3370 858 3458 petriam
888 3393 983 3436 suum
1006 3371 1164 3458 praeclere
1186 3370 1382 3437 fortitudine
1405 3371 1555 3436 illustrem

516 3472 705 3551 reddiderit,
737 3478 771 3539 et
803 3495 912 3540 rerum
933 3478 1100 3562 gestorum
1123 3474 1281 3552 claritate,
1312 3477 1348 3539 et
1370 3474 1443 3540 Deo
1465 3472 1556 3540 eervi-

516 3576 645 3641 entium
678 3575 936 3663 multiplicitate.
992 3576 1073 3641 Post
1104 3582 1244 3643 mortem
1267 3577 1338 3642 eius
1361 3599 1413 3642 res
1436 3582 1470 3642 et
1490 3596 1556 3662 spes

516 3676 702 3765 Anglorum
723 3683 813 3744 retro
835 3677 997 3764 sublepeae
1020 3684 1106 3744 sunt.

348 3765 479 3829 Bmton,
562 3781 606 3846 In
635 3782 766 3848 leudem
800 3803 878 3847 vero
912 3780 997 3869 regis
1029 3781 1154 3869 Edgeri
1179 3781 1314 3869 qnidam
1337 3782 1491 3848 metricus
1511 3780 1556 3844 iu
1692 3821 1695 3828 .

349 3833 475 3895 eol.870;
569 3885 612 3900 ‚‚

348 3899 460 3964 Higdm,
514 3889 640 3952 oedlnlt.

346 3981 371 4032 p.
380 3973 438 4019 268.
987 3986 1103 4048 Versus.

347 4106 485 4160 Vononen
595 4095 728 4156 Ductor¹
749 4111 848 4170 opum,
869 4092 983 4152 vindex
1004 4093 1158 4167 eoelerum,
1178 4093 1306 4172 largitor
1326 4094 1479 4166 honorum,
1508 4083 1510 4092 ’

348 4174 441 4238 fflw·
635 4185 809 4263 sceptriger
827 4185 967 4262 Edgerus
987 4203 1081 4262 regne
1101 4204 1230 4262 superne
1249 4189 1334 4262 petit

594 4281 656 4339 Hie
677 4279 753 4338 ulter
775 4277 923 4352 Salomon,
944 4277 1045 4355 legum
1065 4286 1159 4355 puter,
1181 4277 1281 4337 orbito
1299 4279 1391 4356 pecie,

635 4369 722 4445 Quod
742 4367 861 4431 ceruit²
880 4371 975 4444 bellis,
997 4371 1106 4429 olemit
1125 4371 1196 4430 inde
1215 4371 1322 4448 megie.

594 4464 720 4542 Templo
738 4463 812 4537 Deo,
834 4463 955 4540 templis
974 4463 1143 4536 monnohoe,
1164 4464 1318 4524 monachis
1338 4465 1422 4524 dedit
1442 4481 1533 4542 egros,

632 4557 785 4634 Nequitiae
804 4557 931 4635 lapsum,
952 4556 1135 4633 iustitioeque
1154 4557 1261 4617 locum.

512 4733 715 4744 ....-----.=..

546 4869 685 4936 ¹Duetor]
707 4873 810 4931 Auctor,
823 4869 981 4921 Hemflrmt
1029 4871 1034 4939 Ι
1082 4869 1203 4937 ²coruit]
1224 4873 1323 4934 claruit,
1338 4873 1395 4926 MS.
