3567 5800
568 866 633 931 206
835 882 902 933 nro.
924 884 972 932 nu
994 882 1128 937 munuc
1151 883 1241 935 seso.
1263 884 1352 936 mer.

566 1065 704 1151 adeptus
730 1064 924 1154 Anglorum,
948 1066 1076 1135 Danioo
1096 1068 1199 1133 linori
1221 1070 1321 1134 finem
1336 1070 1484 1155 imponet
1520 1068 1578 1133 uit

566 1169 654 1233 enim
677 1174 829 1255 acceptus
844 1170 924 1248 Deo,
941 1176 1057 1257 gratus
1071 1170 1269 1249 bominibus
1283 1172 1440 1237 terribilis
1453 1172 1576 1244 hostibm,

565 1270 717 1336 amabilis
739 1271 877 1352 civibus,
900 1273 995 1339 utilis
1009 1271 1157 1339 ecclesia
1204 1273 1270 1354 Qui
1296 1296 1370 1339 cum
1384 1275 1575 1361 preceptum

563 1373 722 1459 regnandi
752 1375 933 1440 torminum
972 1376 1009 1439 in
1039 1376 1170 1441 iustitia
1201 1381 1237 1442 st
1274 1398 1353 1463 paco
1390 1376 1574 1465 compleverit

563 1475 763 1543 laudabilem
786 1478 893 1543 vitam
917 1484 1029 1544 sancto
1054 1478 1121 1545 tino
1149 1477 1348 1546 concludet”
1393 1480 1472 1561 Qua
1491 1480 1575 1544 omnis

562 1578 597 1643 in
620 1578 718 1646 besto
732 1602 809 1668 rege
825 1580 992 1647 Edwardo
1006 1583 1167 1669 completa
1180 1583 1229 1648 rei
1248 1584 1358 1649 exitus
1373 1582 1573 1671 comprobavit

563 1680 824 1770 Expergefsctus
854 1684 1015 1770 pontifex,
1043 1706 1155 1750 rursus
1185 1685 1229 1751 ad
1258 1705 1369 1773 preces
1398 1686 1575 1771 lacrimasque

563 1786 777 1866 convertitur,
813 1793 849 1852 et
873 1787 951 1853 licet
983 1788 1174 1854 felicitatem
1205 1809 1273 1855 suae
1296 1788 1405 1877 gentis
1435 1812 1493 1855 non
1509 1792 1572 1852 eac

562 1886 630 1975 ipse
659 1887 800 1969 visuum,
825 1888 866 1954 de
895 1888 1058 1955 melorum
1088 1896 1200 1957 tamen
1233 1892 1300 1957 fine
1334 1896 1441 1958 certus
1460 1892 1573 1966 effata,

561 1991 684 2079 gratias
722 2012 822 2078 agens
857 1992 928 2057 Deo
971 1994 1150 2079 plurimum
1187 1994 1428 2081 gratulabatur.
1480 1992 1573 2057 linctu

562 2093 665 2181 igitur
712 2094 930 2182 animaequior
965 2096 1095 2183 populis
1127 2098 1357 2183 paenitentiam
1394 2095 1571 2185 pmdicsbot

560 2197 682 2283 quibus
726 2195 792 2262 Dei
833 2198 1091 2265 misericordiam
1120 2221 1189 2265 non
1223 2200 1414 2266 defuturam
1451 2204 1573 2266 ansan-

561 2300 687 2365 tissime
711 2300 939 2386 pollicebatur.

999 2733 1079 2801 Om.
1104 2732 1164 2801 VI.

714 2924 765 2990 Dc
786 2931 868 3003 voto,
893 2923 985 3012 quod
1005 2924 1097 2992 uouit
1119 2925 1234 2992 actua
1255 2925 1457 2993 Edauardaa

604 3109 737 3176 Suum
775 3110 882 3176 adhuc
920 3110 1056 3198 spiritus
1093 3112 1242 3199 procellas
1280 3117 1315 3177 et
1351 3113 1485 3179 exaltati
1514 3109 1574 3174 eunt

558 3213 677 3280 fluctus
700 3215 779 3291 eius,
800 3213 1012 3300 externisque
1034 3213 1132 3279 malis
1150 3215 1286 3281 misit
1307 3215 1415 3282 civilis
1435 3211 1574 3286 discordia

559 3315 640 3382 odeo
663 3323 702 3382 ut
724 3315 798 3402 quis
820 3316 873 3381 oui
896 3315 1050 3397 crederet,
1075 3318 1149 3402 quis
1176 3318 1230 3383 cui
1250 3319 1373 3383 mentis
1395 3341 1459 3385 suae
1477 3318 1574 3382 secretu

558 3419 787 3500 committeret,
820 3417 1007 3484 nesciretur.
1068 3418 1171 3485 Plena
1201 3425 1272 3486 erat
1306 3421 1516 3508 proditoribus
1537 3417 1575 3479 iu·

557 3521 629 3586 sula
641 3547 649 3602 ;
687 3543 851 3607 nusquam
887 3525 964 3586 tuta
1000 3521 1090 3602 fides,
1127 3543 1290 3608 nusquam
1323 3525 1395 3590 sine
1426 3522 1573 3610 suspitione

558 3646 659 3705 umor,
705 3646 810 3690 sermo
847 3625 918 3690 sine
963 3623 1178 3692 simulatione.
1239 3625 1386 3693 Tandem
1422 3649 1457 3693 eo
1495 3639 1574 3708 usque

558 3725 702 3814 proditio
726 3727 825 3794 simul
847 3733 882 3793 et
904 3727 1030 3792 astutia
1050 3728 1208 3814 processit
1229 3728 1369 3810 hostilis,
1392 3736 1432 3797 ut
1451 3729 1574 3794 defuncto

559 3851 634 3918 rege
666 3831 845 3896 Ethelredo
867 3851 990 3917 magna
1011 3851 1087 3917 pare
1108 3831 1227 3897 insulae
1249 3831 1408 3918 legitimis
1436 3827 1576 3897 heredibus

386 3951 452 4002 cnut
463 3967 518 4001 ιιιιι
557 3933 717 4000 abdicatis
772 3933 919 4000 Onutoni
967 3933 1025 4020 qui
1080 3955 1218 4021 rognum
1275 3935 1442 4002 invaserat
1482 3949 1573 3998 monus

383 4018 543 4136 fficium
557 4037 694 4118 darent;
724 4042 959 4125 peremptoque
981 4035 1197 4102 invictissimo
1226 4057 1303 4124 rege
1326 4037 1500 4118 Edmundo,
1519 4052 1574 4117 cog·

556 4146 712 4207 nomento
757 4139 869 4205 Ferrei
908 4138 1044 4219 lateris,
1081 4140 1212 4225 paterni
1255 4139 1389 4206 honoris
1431 4137 1515 4206 simul
1548 4137 1574 4197 ei

554 4245 678 4312 laboris
699 4242 827 4324 herede,
851 4241 955 4308 etiam
975 4241 1062 4306 filios
1082 4242 1152 4307 eius
1174 4241 1283 4310 adhuc
1303 4245 1340 4309 in
1362 4244 1452 4310 cunis
1468 4241 1573 4329 ugentes

554 4351 706 4419 barbaris
736 4350 913 4416 mitterent
935 4347 1133 4414 occidendos
1180 4349 1233 4413 Ex
1255 4347 1333 4416 hinc
1353 4370 1428 4416 cum
1455 4339 1573 4415 ennam

555 4457 667 4523 omnia
695 4475 755 4541 pro
785 4457 864 4518 voto
894 4451 1075 4531 cessissent,
1105 4453 1226 4516 timens
1247 4473 1290 4519 ne
1318 4453 1411 4519 heres
1436 4450 1572 4538 legitimus
1693 4464 1694 4469 ¹

554 4579 693 4646 regnum
724 4555 812 4642 quod
842 4553 907 4620 sibi
932 4554 1004 4619 iure
1027 4553 1211 4619 debebatur
1239 4557 1417 4642 aliquando
1437 4555 1571 4619 Nonnun-

382 4673 423 4724 He
431 4671 537 4724 marries
553 4663 629 4728 nica
659 4661 762 4725 fultus
792 4659 921 4724 virtute
943 4664 1132 4744 reposceret,
1156 4663 1196 4722 ut
1218 4657 1476 4724 Normannorum
1500 4650 1571 4718 ducis

380 4755 478 4858 ᾗῇ
553 4764 617 4830 sibi
647 4763 753 4828 artius
783 4761 952 4846 colligaret
982 4760 1144 4840 affectum,
1177 4761 1327 4826 Emmam
1350 4758 1486 4826 defuncti
1504 4752 1572 4838 Ψ
