3567 5800
505 809 571 875 336
764 825 833 876 nic.
857 824 906 876 nn
928 825 1064 878 curso.
1086 826 1180 876 senc.
1202 826 1289 879 mss.

505 1013 546 1078 de
580 1014 749 1101 provincio
786 1015 909 1103 pulsus,
940 1016 976 1081 in
1006 1017 1152 1110 Sootium
1183 1019 1260 1084 vele
1296 1017 1431 1084 direxit
1490 1018 1559 1100 Qui

504 1115 630 1182 ibidem
659 1117 731 1205 regi
757 1117 953 1184 Noricorum
977 1118 1124 1186 Heroldo
1155 1120 1331 1208 Hervugre
1361 1121 1558 1186 inobviam

504 1219 648 1298 veniens,
671 1220 778 1286 foedus
800 1219 979 1307 perfidem
1001 1243 1077 1287 oum
1099 1243 1138 1288 eo
1159 1223 1294 1311 pepigit
1346 1221 1448 1288 Venit
1469 1224 1558 1288 enim

502 1321 681 1408 praedictus
705 1322 873 1389 Heroldus
904 1323 1080 1411 Hsrvegre
1116 1325 1155 1390 in
1184 1326 1343 1413 Anglium
1380 1348 1454 1392 cum
1490 1331 1558 1391 tre-

503 1426 606 1492 centis
629 1425 817 1513 cogonibus‚
847 1426 920 1493 cive
948 1425 1100 1509 navibus,
1123 1432 1164 1492 ut
1189 1450 1264 1493 eum
1292 1428 1439 1494 subicere
1461 1450 1557 1495 cons·

501 1532 601 1594 retur.
648 1527 817 1595 Consentis
840 1551 919 1618 ergo
941 1529 1140 1596 umbonibus
1166 1529 1299 1596 Tostius
1324 1535 1359 1597 et
1390 1530 1557 1597 Heroldus

502 1630 537 1694 in
560 1629 803 1698 Nerthumbrie
824 1653 936 1698 rerum
963 1631 1212 1720 depopulationi
1241 1632 1445 1713 insistentes,
1467 1633 1554 1698 lier-

501 1733 634 1799 cherum
656 1735 808 1800 comitem
830 1755 906 1801 cum
928 1733 1120 1800 hominibus
1149 1734 1294 1822 regionis
1316 1734 1404 1800 bello
1426 1735 1553 1800 victum

501 1835 587 1900 infin
601 1836 786 1902 Eboracum
806 1836 954 1902 intrusit
1001 1836 1076 1918 Quo
1091 1836 1272 1924 diuulgato,
1296 1859 1356 1903 rex
1370 1837 1554 1924 Anglorum

502 1933 672 2005 Haroldus
687 1939 813 2006 cunctis
827 1939 955 2005 viribus
975 1937 1121 2005 collectis
1144 1939 1224 2005 illuc
1245 1961 1319 2005 cum
1342 1939 1554 2004 festinatione

501 2042 680 2108 contendit.
742 2041 892 2129 Cumque
923 2043 966 2108 sd
995 2041 1111 2107 villum
1140 2064 1215 2128 quse
1242 2040 1402 2109 Stunford
1431 2041 1554 2106 dicitur

501 2147 713 2230 pervenisset,
745 2145 875 2210 invenit
907 2144 955 2210 ibi
988 2144 1192 2210 adversarios
1229 2144 1410 2232 praedictos.
1471 2144 1550 2223 Ubi,

500 2246 578 2312 licet
607 2246 739 2313 difficile
768 2247 929 2324 credetur,
955 2267 1041 2312 unus
1071 2245 1159 2312 solus
1181 2247 1323 2312 Noricus
1345 2247 1382 2312 in
1402 2247 1550 2333 ingressu

499 2349 610 2434 pontis
646 2349 762 2414 multis
799 2349 1008 2436 interemptis
1045 2349 1172 2437 Anglis,
1209 2371 1323 2415 omues
1355 2371 1376 2414 s
1405 2349 1550 2414 transitu

498 2452 701 2537 repercussit.
761 2450 827 2532 Qui
866 2452 1032 2517 invitatus
1068 2451 1112 2516 ud
1142 2451 1353 2532 deditionem,
1390 2451 1549 2516 irridebat

498 2554 632 2640 Auglos,
666 2554 776 2620 dicens
814 2575 867 2620 eos
899 2553 1036 2619 inbelles
1072 2559 1109 2619 et
1145 2553 1305 2620 inbecillis
1338 2553 1442 2619 enimi
1478 2575 1548 2619 esse

497 2655 594 2734 viros,
622 2656 680 2742 qui
701 2656 762 2722 uui
783 2655 1005 2743 nequiverunt
1025 2656 1177 2722 resistere
1198 2656 1360 2723 bellstori
1405 2655 1548 2721 Nemine

415 2769 418 2774 '
497 2758 601 2846 igitur
631 2759 781 2846 proprius
814 2759 958 2826 audente
987 2758 1146 2837 secedere,
1170 2759 1319 2846 eoquod
1349 2757 1476 2824 cunctis
1497 2758 1548 2822 vi-

497 2860 631 2928 deretur
660 2861 880 2930 inconsultum
911 2861 1059 2929 cominus
1088 2861 1244 2951 congredi
1275 2883 1349 2928 cum
1371 2861 1437 2941 illo,
1460 2882 1548 2927 unus

496 2966 631 3031 tandem
662 2964 702 3032 de
733 2964 861 3031 familie
893 2966 982 3054 regis
1009 2965 1047 3030 in
1077 2965 1172 3030 illum
1206 2964 1365 3052 spiculum
1400 2964 1546 3051 dirigens

494 3068 694 3153 perlomvit3
728 3074 762 3135 et
792 3073 942 3134 mortuus
972 3068 1009 3133 in
1038 3066 1163 3133 flumen
1193 3088 1347 3133 corruens
1372 3066 1543 3133 victorium

495 3170 614 3258 Anglis
651 3172 818 3238 conoessit
879 3171 926 3236 Et
963 3170 1121 3237 continuo
1159 3170 1323 3236 exercitus
1365 3170 1543 3258 Anglorum

493 3274 596 3340 libero
618 3274 764 3340 transitu
786 3278 1003 3352 teusvectus,
1020 3296 1042 3339 e
1062 3278 1155 3361 tergo
1177 3272 1279 3340 mdis
1300 3271 1335 3337 N
1336 3274 1438 3367 oricus
1459 3272 1547 3359 fugi·

493 3382 593 3443 eutes.
653 3376 804 3464 Denique
839 3376 1035 3443 Noricorum
1066 3398 1142 3462 rege
1176 3375 1324 3442 Heroldo
1361 3381 1397 3441 et
1432 3376 1545 3441 Tostio

492 3479 595 3545 fretre
617 3480 702 3565 regis
726 3478 912 3567 Anglorum
942 3501 1018 3545 cum
1045 3479 1162 3544 multis
1191 3477 1333 3544 aliorum
1354 3478 1543 3557 interfectis,

328 3605 480 3658 umissos
493 3602 554 3648 rex
575 3580 913 3670 Auglorum'omnem
934 3582 1082 3669 praedem
1103 3586 1139 3647 et
1160 3580 1366 3672 menubis[s]
1402 3580 1438 3646 in
1470 3602 1545 3667 pro-

326 3676 432 3793 ffim
495 3685 582 3773 prios
619 3706 697 3750 usus
734 3684 817 3749 nulli
854 3684 1030 3771 quiequam
1064 3682 1336 3750 communicando
1370 3684 1544 3749 convertit.

494 3788 595 3856 Unde
618 3786 856 3853 commilitones
878 3787 950 3853 eius
971 3786 1151 3873 plurimum
1172 3784 1383 3873 indignantes
1405 3792 1441 3850 et
1462 3808 1545 3851 nva-

492 3893 605 3958 riticm
639 3891 793 3978 principis
828 3890 1039 3969 detestantes,
1063 3889 1106 3955 cb
1131 3889 1202 3955 eius
1233 3887 1386 3954 clientela
1421 3891 1545 3955 unsui-

491 3996 592 4063 miter
614 3998 824 4092 recesserunt.

324 4320 452 4439 ffifi·
890 4287 1139 4385 concisorum.

324 4455 418 4588 illli-
537 4524 687 4590 Arcum
709 4523 797 4589 enim
821 4520 979 4586 dixerunt
995 4518 1083 4605 quod
1102 4539 1161 4582 rex
1176 4514 1359 4582 Edwardus
1381 4519 1545 4584 concessit

324 4610 461 4729 ffiflfw
492 4628 639 4694 Hsroldo
665 4626 759 4713 regni
786 4624 943 4690 diudemn
1000 4620 1097 4701 Quod
1127 4626 1239 4685 tumen
1269 4620 1376 4705 magis
1397 4618 1545 4686 benevo.

323 4743 473 4797 theutone.
490 4732 595 4797 lentie
624 4752 722 4815 quam
754 4726 876 4794 iudicio
905 4724 1040 4811 allegari
1071 4723 1235 4802 existimo,
1262 4728 1302 4787 ut
1332 4722 1380 4786 illi
1411 4722 1544 4789 heredi-
