3567 5800
505 865 571 930 240
731 915 733 920 .
767 879 832 932 nro.
858 882 906 931 na
928 882 1062 936 emeno.
1085 885 1175 934 sruo.
1200 887 1289 937 ursr.

927 1290 1006 1356 Osr.
1031 1290 1142 1361 XVII.

616 1493 666 1560 Dc
687 1493 828 1561 nuntiis
850 1515 933 1584 quos
955 1496 1076 1562 iterato
1096 1518 1155 1563 rem
1176 1497 1277 1564 maisit
1297 1497 1452 1566 Romam.

550 1699 627 1764 Rex
665 1700 770 1786 igitur
800 1701 1019 1766 'beatissimus
1055 1701 1142 1766 circa
1171 1699 1326 1767 honorem
1357 1708 1393 1768 et
1423 1701 1562 1790 amplia-

503 1803 629 1868 tionem
666 1803 729 1868 loci
767 1803 899 1890 prsefati
937 1804 1009 1880 sibi,
1040 1810 1079 1869 ut
1108 1804 1262 1883 diximus
1293 1829 1315 1870 a
1344 1805 1415 1870 Deo
1448 1812 1483 1871 et
1515 1805 1559 1871 ab

504 1905 651 1991 apostolo
674 1905 773 1970 Petro
802 1906 987 1993 specialiter
1015 1907 1187 1984 commissi,
1210 1907 1360 1972 interiori
1392 1907 1558 1974 inlraerens

505 2008 624 2088 studia,
648 2007 811 2074 concaluit
841 2030 897 2074 cor
927 2009 997 2074 eius
1027 2010 1116 2074 inter
1141 2031 1227 2087 eum,
1251 2013 1286 2074 et
1308 2011 1351 2074 ad
1380 2009 1558 2097 praefatum

506 2112 740 2176 monasterium
760 2111 908 2177 aedificiis
931 2118 965 2178 et
986 2113 1195 2190 ornamentis,
1212 2112 1432 2197 dignitatibus
1453 2113 1558 2178 etiam

505 2235 543 2278 ao
580 2215 834 2300 possessionibus
865 2215 966 2280 altius
1004 2215 1239 2293 extollendum,
1270 2215 1306 2278 in
1337 2215 1556 2280 meditatione

505 2317 576 2381 eius
602 2319 726 2383 exarsit
752 2318 847 2404 ignis.
908 2317 991 2398 Quae
1017 2324 1056 2382 ut
1081 2318 1203 2382 futuris
1227 2319 1432 2405 temporibus
1458 2320 1558 2384 finna

505 2423 540 2482 ct
570 2420 701 2506 integra
730 2421 922 2507 illibataque
952 2421 1120 2498 durarent,
1150 2420 1329 2507 apostolica
1358 2423 1558 2488 auctoritate

505 2523 615 2587 omnia
653 2523 792 2589 credidit
829 2523 1062 2589 confirmanda
1123 2523 1287 2590 Praeterca
1317 2525 1406 2589 iuter
1440 2525 1557 2590 erebra

504 2625 663 2691 miracula
707 2627 826 2712 quibus
871 2626 1109 2703 illustrabatur,
1160 2627 1249 2692 inter
1294 2627 1382 2712 pacis
1432 2628 1559 2714 gauffla

504 2729 625 2814 quibus
669 2728 848 2807 fruebatur,
895 2730 931 2794 in
976 2729 1175 2795 humilitatis
1220 2729 1418 2795 solidissima
1460 2737 1558 2816 petra

504 2832 691 2911 consistens,
725 2853 852 2920 semper
874 2832 1023 2921 pauidus,
1054 2854 1182 2920 semper
1217 2855 1311 2898 suam
1333 2840 1406 2898 erat
1429 2833 1557 2921 fragili-

504 2940 607 2999 tatem
651 2941 828 3021 suspectus.
891 2936 1014 3001 Beatus
1047 2937 1190 3022 profecto
1228 2937 1312 3016 vir,
1333 2937 1391 3023 qui
1426 2958 1558 3023 semper

505 3038 619 3103 timuit
648 3038 837 3116 Dominum,
869 3044 903 3104 et
933 3039 970 3103 in
999 3038 1168 3104 mandatis
1198 3039 1270 3104 cius
1291 3040 1399 3105 voluit
1430 3040 1556 3105 nimis}

505 3140 586 3207 Ideo
612 3142 715 3229 gloria
745 3146 779 3207 et
808 3141 940 3207 divitiae
968 3142 1006 3205 in
1032 3141 1130 3206 domo
1155 3142 1234 3217 eius.
1259 3146 1295 3207 et
1324 3141 1455 3207 iustitia
1481 3143 1557 3208 eius

505 3250 617 3309 manet
653 3246 690 3309 in
719 3248 888 3310 aeternum.
950 3243 1024 3308 Iam
1053 3267 1074 3309 a
1103 3256 1183 3310 voto
1216 3243 1324 3309 fuerat
1356 3243 1558 3309 auctoritate

503 3346 681 3433 apostolica
707 3348 853 3426 solutus3
876 3351 911 3412 et
936 3345 1043 3412 adhuc
1066 3351 1180 3411 tamen
1202 3346 1244 3411 de
1269 3348 1340 3431 ipso
1363 3351 1441 3412 voto
1464 3347 1556 3413 solii-

503 3451 596 3529 citus,
633 3450 753 3515 iterato
791 3451 834 3514 od
875 3450 1097 3536 apostolorum
1139 3449 1254 3514 limina
1292 3450 1417 3536 legatos
1453 3459 1554 3536 parat

503 3552 652 3638 dirigere,
699 3553 818 3617 iterato
863 3553 1075 3638 apostolicam
1121 3552 1329 3617 maiestatem
1375 3551 1554 3632 consulere,

502 3656 622 3721 iterato
651 3655 685 3720 id
716 3655 823 3741 ipsum
854 3654 908 3720 vel
937 3654 1029 3719 aliud
1059 3654 1142 3739 quid
1170 3654 1206 3719 in
1235 3654 1309 3721 voti
1329 3675 1556 3740 reeompensa-

501 3758 591 3822 tioue
629 3758 735 3843 poscit
765 3758 902 3844 iniungi.
964 3756 1175 3823 Emerserant
1208 3761 1244 3822 et
1273 3756 1349 3824 aliae
1379 3778 1484 3822 causae
1517 3759 1555 3825 iu

501 3860 684 3946 Anglorum
706 3860 847 3935 ecclesia,
870 3859 911 3924 de
934 3859 1053 3945 quibus
1076 3882 1116 3925 ee
1137 3860 1229 3926 sedes
1250 3860 1413 3947 praecipue
1442 3860 1555 3927 fuerat

499 3964 706 4039 consulenda,
727 3964 766 4027 de
789 3984 856 4047 qua
878 3962 1062 4048 specialiter
1084 3963 1209 4028 dictum
1232 3970 1292 4040 est,
1318 3964 1397 4048 quia
1417 3970 1554 4049 “portin

498 4066 595 4131 inferi
633 4088 699 4130 non
736 4064 966 4151 praevalebunt
996 4066 1152 4130 adversus
1182 4064 1283 4130 eam.”
1343 4065 1461 4152 Itaque
1490 4090 1553 4131 rex

497 4176 628 4234 sauctus
666 4169 707 4233 de
744 4168 896 4234 omnibus
933 4190 1046 4235 curem
1079 4190 1186 4256 agens,
1225 4168 1336 4234 omnia
1372 4170 1552 4235 secuudum

498 4272 665 4337 catholicae
686 4271 1009 4357 veritatisoregulam
1031 4272 1103 4337 fieri
1124 4274 1250 4353 volens,
1272 4273 1425 4339 omnibus
1448 4275 1553 4339 etiam

326 4398 468 4462 Envoysto
496 4376 647 4462 prodesse
671 4374 867 4453 desiderans,
886 4379 926 4440 ut
948 4374 1017 4461 ipse
1041 4375 1081 4439 de
1103 4376 1171 4441 suis
1192 4375 1336 4442 securior
1357 4375 1550 4457 efficeretur,

327 4466 425 4579 {iffi
496 4484 537 4542 ut
559 4477 632 4542 aliis
654 4478 697 4542 ad
720 4476 860 4542 salutem
881 4476 1031 4543 doctrina
1050 4479 1229 4564 apostoliea
1246 4480 1456 4566 praeberetur,
1472 4502 1551 4545 cum

324 4546 451 4683 anpiof’·
496 4581 642 4645 Alurcdo
680 4578 921 4667 archiepiscopo
958 4579 1155 4647 Eboraoeusi
1194 4583 1259 4647 duo
1295 4582 1478 4647 mittuntur
1511 4583 1550 4649 in

325 4660 483 4779 fflvffissss
496 4684 724 4770 pontificatum
748 4682 852 4762 eiecti,
877 4682 956 4747 Giso
978 4682 1132 4750 videlicet
1151 4685 1195 4750 ad
1217 4684 1383 4750 eeclesiam
1404 4684 1551 4751 Wellen-

323 4796 425 4858 birhops
495 4808 572 4867 sem,
597 4786 761 4853 Wolterus
784 4806 862 4851 vero
884 4787 927 4851 ad
948 4786 1242 4853 Hereffordensem.
1297 4788 1363 4867 Qui
1385 4796 1551 4875 praesente

324 4864 395 4917 ⁶¹⁹⁰*
493 4911 568 4963 cum
585 4912 650 4977 quo
665 4896 825 4956 venerant
847 4890 1098 4981 archiepiscopo,
1113 4914 1133 4955 a
1148 4890 1282 4957 domino
1304 4913 1389 4978 papa-
1410 4914 1552 4965 munere
