3567 5800
463 783 511 831 nn
533 783 651 836 orans
672 786 795 837 aucun
817 785 1017 838 assamur.
1041 777 1093 838 21.
1245 777 1309 838 103

258 971 346 1056 copis
369 975 404 1035 et
425 971 602 1041 abbatibus
635 977 817 1044 luminibus
850 977 992 1044 accensis
1005 972 1190 1044 ‘violatores
1212 977 1311 1042 huius

257 1073 499 1154 munificentia,
523 1077 696 1164 dignitatis
717 1081 819 1146 immo
841 1081 1035 1168 apostolieae,
1059 1086 1311 1168 transgressores

258 1177 356 1242 huius
379 1177 502 1243 decreti
523 1179 561 1245 in
593 1189 791 1270 perpetuum
826 1185 1117 1262 excommunicavi,
1140 1183 1206 1248 nisi
1228 1206 1310 1271 prae·

256 1279 428 1345 titulatam
450 1283 679 1366 paenitentiam
701 1287 920 1374 resipiscendo
942 1285 1130 1375 peragant.”

295 1382 342 1447 Et
363 1383 584 1452 infra-“Ad
598 1390 755 1455 ultimum
777 1391 891 1476 itaque
915 1413 982 1457 una
1002 1413 1077 1458 cum
1091 1413 1167 1478 rege
1183 1396 1217 1456 et
1232 1389 1309 1456 filiis

256 1486 326 1552 eius
347 1511 408 1558 nos
422 1517 534 1561 omnes
552 1493 730 1572 confratres
745 1498 780 1558 et
803 1494 991 1580 coepiscopi,
1009 1498 1043 1560 et
1058 1515 1133 1560 cum
1154 1499 1226 1558 tota
1248 1494 1310 1558 hac

255 1594 412 1677 populosa
443 1602 478 1663 et
507 1599 598 1664 dicta
626 1597 761 1682 synodo,
788 1597 935 1662 eiusdem
958 1597 1021 1662 loci
1044 1619 1154 1662 omnes
1181 1596 1310 1663 futuros

256 1693 401 1778 abbates,
438 1701 576 1766 decanos
600 1704 700 1784 atque
722 1699 916 1785 praepositos
938 1703 1168 1776 contestamur,
1191 1721 1308 1763 verum

256 1796 357 1862 etiam
390 1801 426 1865 in
461 1804 593 1868 nomine
624 1802 733 1866 Patris
767 1807 802 1867 et
836 1802 915 1866 Filii
949 1807 984 1866 et
1016 1801 1160 1888 Spiritus
1194 1801 1309 1867 Sancti

255 1901 476 1983 prohibemns,
512 1905 669 1991 quatinus
702 1925 809 1970 sacros
839 1904 929 1969 illius
961 1905 1103 1970 ecclesiae
1140 1904 1309 1970 thesauros

254 2023 323 2067 non
354 2006 534 2084 destruant,
566 2029 672 2092 neque
705 2011 810 2071 terras
840 2029 899 2072 seu
928 2007 1053 2072 reditus
1076 2007 1130 2072 vel
1153 2007 1328 2072 beneficia'

254 2103 292 2168 in
313 2108 383 2172 suis
405 2110 460 2174 vel
482 2115 657 2197 parentum
679 2131 812 2174 suorum
834 2108 949 2174 usibus
971 2109 1088 2174 stolide
1111 2110 1308 2197 expendunt,

254 2229 361 2294 neque
385 2233 407 2276 a
427 2213 530 2276 servis
552 2211 615 2276 Dei
649 2233 725 2297 quae
755 2233 814 2298 pro
837 2211 904 2276 illis
926 2212 1049 2276 ibidem
1071 2211 1213 2278 habetur
1234 2211 1310 2277 sub-

254 2313 415 2379 stantiam
439 2315 663 2380 subtrabendo
693 2316 855 2379 minuant.
914 2313 1011 2396 Quod
1033 2315 1062 2379 si
1085 2315 1203 2400 aliquis
1224 2337 1308 2402 prae·

254 2417 442 2502 sumpserit,
469 2417 563 2482 illum
584 2417 670 2482 sicut
693 2417 889 2483 violatorem
912 2421 1011 2502 atque
1034 2423 1306 2505 transgressorem

253 2517 353 2584 huius
385 2520 490 2586 nostri
520 2521 650 2598 decreti,
690 2521 790 2585 immo
825 2520 1003 2607 apostolici,
1034 2525 1112 2585 ante
1135 2521 1308 2587 Summum

255 2620 414 2699 Iudicem,
454 2644 529 2688 cum
562 2624 693 2689 venerit
729 2621 886 2689 saecrlum
920 2622 1064 2689 iudicare
1098 2643 1156 2710 per
1187 2624 1307 2710 iguem,

253 2746 486 2814 responsurum
508 2747 607 2814 super
629 2727 690 2792 hac
711 2748 747 2792 ro
769 2725 980 2792 invitamus.”

488 2930 639 3020 Ecplicit
664 2931 772 3001 Uario
798 2932 904 3020 Rapis
926 2932 1069 3021 litigari.

301 3326 401 3392 Hmc
422 3326 620 3413 praescriptae
651 3334 750 3394 oartae
782 3328 1023 3393 consentientes
1045 3326 1306 3413 subscripserunt

255 3430 487 3513 praenominati
508 3430 666 3495 tredecim
699 3430 850 3518 episcopi,
884 3431 1037 3496 undecim
1061 3432 1206 3510 abbates,
1232 3452 1305 3496 cen·

255 3536 327 3596 tum
360 3533 525 3599 sexdecim
556 3533 751 3620 presbyteri,
785 3556 907 3600 norem
939 3535 1043 3601 ducas.
1100 3535 1167 3615 Qui
1193 3556 1306 3601 omncs

255 3636 339 3701 dono
362 3637 449 3723 regis
466 3637 614 3702 faventes
636 3641 671 3701 et
692 3638 941 3719 consentientes,
966 3638 1009 3702 ad
1031 3638 1187 3705 maiorem
1207 3639 1306 3703 huius

252 3739 441 3804 donationis
483 3738 752 3827 astipulationem
794 3740 876 3805 dicti
914 3740 1056 3828 episcopi
1095 3748 1129 3808 et
1166 3742 1305 3807 abbates

253 3846 353 3927 atque
389 3844 488 3908 duces
524 3844 657 3929 signum
694 3846 818 3909 ιιιιιιιι
851 3842 957 3909 crucis
994 3844 1163 3931 praedictae
1205 3850 1304 3910 cartes

252 3952 484 4033 apposuerunt,
519 3946 697 4012 violatores
731 3951 766 4011 et
799 3947 992 4013 infractores
1015 3948 1114 4014 huius
1136 3946 1304 4013 firmitatis
1317 3952 1425 4007 Datsof

253 4048 573 4115 excommunicando.
632 4051 719 4115 Acta
752 4054 864 4115 autem
893 4056 972 4115 sunt
994 4051 1059 4116 ista
1080 4072 1166 4115 anno
1190 4050 1304 4116 Domi·
1317 4021 1456 4138 Ah'ffigp,

253 4153 335 4218 nice
378 4151 613 4218 incarnationis
653 4150 938 4239 noningentesimo
968 4154 1168 4241 sexagesimo
1206 4175 1303 4235 nono,
1317 4153 1380 4218 stay
1394 4160 1431 4204 ¹⁵

251 4256 433 4321 indictione
464 4256 663 4332 duodecima,
695 4256 770 4321 idus
800 4254 895 4337 Maii,
927 4278 1014 4323 anno
1037 4256 1163 4324 decimo
1186 4261 1304 4345 quarto
1316 4236 1462 4365 ffigffir

251 4358 338 4445 regis
362 4358 495 4445 Edgari.
549 4358 713 4424 Praedicta
733 4380 812 4424 vero
835 4360 968 4425 carta
958 4382 994 4425 ιιι
1026 4364 1207 4427 memorato
1234 4380 1305 4427 mo·
1317 4344 1414 4403 Theos
1385 4355 1453 4404 orr-

1318 4420 1387 4485 ginal

251 4462 397 4528 nasterio
419 4461 525 4527 sancti
547 4460 639 4528 Petri
662 4462 960 4544 westmonasterii,
985 4463 1092 4552 sigillo
1115 4464 1196 4531 dicti
1218 4462 1304 4551 regis
1318 4488 1379 4539 char
1380 4494 1403 4537 te
1365 4504 1417 4539 rer
1432 4504 1477 4540 ιι

727 4614 832 4620 —-
858 4610 1309 4621 -fl-—Q-v-*ffl-—ffl-

520 4696 529 4729 ¹
546 4696 602 4749 The
616 4696 675 4749 rath
686 4710 747 4763 year
758 4696 981 4765 arnamar).
995 4702 1052 4753 ota.
