3567 5800
536 836 601 897 248
802 850 866 901 1110.
891 850 938 900 DE
960 850 1090 901 emme.
1113 852 1202 903 SPEG.
1225 853 1311 904 mss.

535 1041 713 1117 emissione,
750 1040 786 1107 in
815 1042 984 1127 sanguinis
1017 1043 1183 1121 effusione,
1214 1046 1251 1109 in
1279 1046 1402 1132 campis
1423 1051 1456 1111 et
1474 1047 1560 1125 silvis,

536 1145 570 1208 in
601 1145 713 1229 pratis,
736 1144 772 1208 in
795 1145 931 1231 pascuis,
953 1146 990 1210 in
1016 1146 1118 1232 aquis,
1153 1148 1189 1211 in
1219 1149 1374 1234 piscariis,
1397 1150 1434 1215 in
1454 1150 1560 1215 molen·

536 1246 630 1324 dinis,
669 1252 703 1312 et
747 1246 898 1313 omnibus
934 1249 1002 1313 suis
1038 1250 1263 1335 appendiciis;
1308 1252 1464 1337 quatinus
1500 1254 1562 1339 ipss

535 1351 686 1438 religiosa
707 1350 818 1415 concio
848 1372 908 1437 pro
940 1351 1081 1417 remedio
1110 1352 1228 1418 animae
1251 1375 1331 1419 meae
1367 1360 1401 1420 et
1430 1356 1560 1419 omnium

534 1453 777 1519 benefactorum
822 1452 967 1519 eiusdem
1010 1454 1152 1521 ecclesiae
1193 1456 1368 1542 pervigiles
1413 1457 1561 1544 persolvat

533 1556 785 1643 deprecationes,
838 1560 872 1621 et
901 1578 990 1621 more
1026 1558 1231 1643 sapientium
1262 1559 1430 1645 virginum
1468 1559 1560 1625 oleum

532 1660 629 1727 bones
666 1658 802 1724 sotionis
833 1680 967 1723 servans
1003 1661 1065 1725 sub
1094 1658 1212 1725 habitu
1245 1660 1414 1747 religionis
1445 1662 1560 1727 Christo
1696 1647 1697 1700 l

534 1761 676 1826 Domino
698 1761 815 1825 eteius
829 1761 928 1826 beato
942 1761 1089 1847 apostolo
1104 1762 1202 1828 Petro
1223 1764 1381 1829 indefesse
1407 1765 1558 1831 deserviet

366 1868 480 1948 Funere
533 1864 570 1929 Si
593 1866 667 1949 quis
689 1868 799 1929 autern
821 1868 936 1929 contra
957 1863 1042 1929 hanc
1063 1866 1290 1952 praeceptionis
1312 1871 1348 1932 et
1370 1867 1559 1933 auctoritatis

365 1937 525 2069 lffiffiyi}
532 1977 654 2038 nostrae
687 1972 840 2059 peginam
871 1972 1018 2048 senserit,
1048 1972 1231 2058 quicunque
1256 1973 1311 2039 ille
1340 1973 1449 2052 fuerit,
1469 1974 1559 2039 emus·

364 2068 452 2134 ‘58¹¹ss
532 2098 659 2162 cunque
674 2076 816 2141 nominis
830 2079 865 2141 et
883 2074 1022 2151 honoris,
1037 2076 1146 2140 aetatis
1160 2081 1194 2141 et
1209 2077 1392 2162 potestatis,
1408 2076 1558 2163 mederet

532 2180 662 2255 ordinis,
686 2183 721 2244 et
749 2200 819 2243 eam
836 2177 890 2243 vel
912 2179 949 2242 in
970 2178 1158 2264 magnevol
1179 2178 1216 2242 in
1238 2180 1376 2246 minimo
1399 2180 1557 2266 infringere

531 2281 672 2347 voluerit
702 2286 735 2346 et
764 2280 845 2345 alios
874 2280 918 2345 ad
955 2280 1017 2345 hoc
1042 2280 1244 2359 oonduxerit,
1268 2284 1489 2369 unusquisque
1508 2303 1557 2368 pro

531 2408 565 2449 se
594 2385 665 2469 ipso
688 2384 789 2449 libras
811 2382 955 2470 quinque
978 2383 1128 2471 partibus
1149 2386 1255 2450 sancti
1281 2385 1372 2450 Petri
1403 2386 1556 2473 persolvet

533 2494 567 2553 et
590 2487 745 2572 quicquid
783 2485 902 2551 exinde
936 2486 1033 2551 fiscus
1058 2492 1170 2552 noster
1199 2486 1242 2552 ad
1271 2492 1401 2574 partem
1428 2493 1557 2553 nostran

533 2612 661 2677 sperare
692 2594 831 2676 poterat,
866 2590 903 2654 in
936 2588 1152 2656 luminaribus
1174 2591 1228 2655 vel
1260 2591 1436 2677 stipendiis
1462 2612 1559 2655 mous·

532 2693 667 2759 chorum
689 2714 745 2757 seu
767 2696 802 2757 et
824 2692 1038 2777 eleemosynis
1060 2714 1240 2778 pauperum
1262 2694 1366 2780 ipsius
1386 2692 1558 2759 monasterii

532 2796 720 2883 perenniter
759 2817 818 2882 per
843 2800 956 2859 nostra
993 2796 1124 2860 oracula
1145 2796 1189 2859 ad
1218 2796 1386 2883 integrum
1423 2798 1467 2861 sit
1494 2816 1558 2861 con·

532 2923 655 2967 cessum
692 2906 791 2986 atque
820 2896 996 2964 indultum.
1057 2896 1155 2964 Hanc
1190 2898 1293 2986 igitur
1329 2906 1457 2966 cartam
1490 2921 1557 2964 meo

532 3003 718 3069 donationis
748 3007 781 3068 et
813 3001 979 3067 libertatis
1015 3001 1052 3065 in
1075 3001 1128 3067 die
1159 3001 1377 3068 dedicationis
1408 3003 1556 3091 prmdiclae

531 3107 671 3173 ecclesiae
697 3105 827 3172 recitari
848 3105 929 3169 iussi
955 3124 1063 3169 coram
1092 3105 1250 3192 episeopis
1271 3106 1448 3172 abbatibus
1474 3105 1555 3170 comi·

530 3211 620 3276 tibus
642 3215 677 3275 et
708 3208 857 3274 omnibus
882 3207 1099 3293 optimatibus
1121 3207 1254 3294 Angliae
1275 3209 1431 3295 omnique
1451 3206 1557 3295 populo

530 3315 685 3380 audiente
711 3317 746 3378 et
766 3310 914 3377 vidente.
969 3307 1015 3374 Et
1044 3311 1222 3376 secundum
1252 3311 1423 3396 apostolici
1453 3310 1556 3375 Leonis

529 3420 728 3504 praeceptum
766 3415 899 3501 eiusque
942 3413 1130 3478 successoris
1167 3412 1319 3478 Nicholai
1355 3415 1557 3479 constitutum

528 3518 801 3586 excommunicari
823 3515 884 3582 feci
914 3537 968 3580 eos
998 3515 1056 3601 qui
1085 3515 1250 3581 decretum
1272 3521 1424 3582 nostrum
1453 3516 1557 3582 infrin-

528 3627 643 3710 gerent
680 3621 734 3687 vel
773 3619 911 3706 infringi
951 3617 1188 3704 permitterent,
1227 3622 1389 3703 quantum
1427 3620 1463 3684 in
1490 3617 1557 3704 ipsis

528 3730 619 3791 esset
702 3723 856 3808 Quisquis
897 3725 1009 3786 autem
1046 3742 1264 3786 successorum
1300 3743 1449 3787 meorum
1484 3721 1557 3785 banc

528 3825 715 3893 donationis
748 3825 938 3889 libertatem
960 3821 1099 3888 firmiter
1120 3828 1219 3908 atque
1242 3823 1478 3890 inviolabiliter
1497 3843 1558 3888 cus

527 3929 671 4009 todierit,
702 3932 826 3994 aeterna
857 3930 1032 3991 coronetur
1061 3925 1211 3990 claritate
1236 3925 1440 4012 coelestisque
1475 3923 1556 4011 regui

527 4034 623 4120 plena
644 4032 831 4118 perfruatur
852 4027 1017 4094 felicitate.
1077 4028 1114 4092 Si
1143 4027 1217 4113 quis
1238 4049 1325 4105 vero,
1357 4029 1446 4115 quod
1470 4027 1554 4101 absit,

526 4160 599 4202 eam
614 4135 781 4201 destruere
803 4131 946 4198 voluerit
968 4131 1022 4196 vel
1046 4130 1144 4196 huius
1166 4131 1271 4196 nostri
1294 4131 1418 4196 decreti
1443 4135 1557 4197 eontra

527 4241 631 4305 dictor
645 4236 817 4304 convulsor
839 4239 874 4299 et
903 4237 1080 4299 temerator
1101 4231 1258 4310 extiterit,
1281 4254 1356 4298 cum
1379 4233 1403 4299 J
1405 4234 1471 4301 uda
1489 4253 1556 4318 pro·

526 4342 630 4407 (litore
653 4345 777 4407 aeterno
799 4335 1006 4403 anathemati
1031 4336 1206 4416 subiaceat,
1229 4335 1295 4401 nisi
1318 4335 1390 4401 Deo
1411 4343 1446 4401 et
1467 4337 1554 4400 beato

525 4466 585 4509 suo
608 4442 753 4530 apostolo
777 4441 877 4506 Petro
899 4439 1001 4524 dignu
1029 4425 1224 4525 paenitebtia
1245 4437 1449 4504 satisfecerit
1510 4433 1554 4500 Ut

525 4569 601 4633 crgo
640 4547 710 4612 hmo
746 4542 925 4610 auctoritas
961 4541 1083 4607 nostris
1131 4548 1166 4607 et
1203 4541 1325 4606 futuris
1360 4539 1554 4625 temporibus

523 4649 609 4714 circa
631 4649 738 4735 ipsum
754 4649 903 4712 sanetum
918 4645 1025 4710 locum
1039 4643 1225 4730 perenniter
1239 4643 1335 4708 firma
1349 4649 1384 4708 et
1405 4640 1554 4708 inviolata

523 4755 720 4839 permaneat,
744 4750 797 4816 vel
826 4770 884 4835 per
907 4746 1018 4813 omnin
1051 4753 1197 4834 tempora
1228 4746 1330 4812 illaesa
1357 4743 1555 4816 custodiatur,
