3567 5800
480 859 524 922 40
747 872 815 921 arc.
840 872 887 920 ne
910 871 1042 921 omaro.
1066 871 1154 921 srrc.
1179 870 1264 919 mer.

484 1057 629 1123 Tertiam
651 1065 765 1123 autem
786 1058 932 1135 advenis
961 1059 1018 1144 qui
1042 1079 1086 1123 ex
1109 1057 1247 1122 diversis
1271 1055 1461 1122 nationibus
1485 1055 1531 1120 ad

486 1182 562 1226 eum
576 1160 791 1236 confluebant,
808 1159 979 1248 impendit.

314 1272 453 1322 Theona
533 1262 716 1328 Secundam
740 1263 880 1348 denique
910 1267 1045 1350 partem,
1070 1283 1144 1348 quac
1179 1283 1221 1327 ex
1250 1283 1360 1327 annuo
1382 1261 1427 1326 ad
1455 1281 1532 1326 eum

315 1339 457 1456 mmm
489 1387 588 1431 censu
602 1365 779 1452 spectabat,
795 1366 832 1431 in
847 1365 1018 1451 quattuor1
1039 1364 1190 1432 dividens
1205 1366 1377 1452 portiones,
1394 1363 1533 1450 primam

315 1487 429 1538 1³00u0¹1
489 1467 696 1554 pauperibus,
712 1468 888 1533 secundam
912 1466 1068 1533 coenobiis
1089 1489 1163 1554 quae
1178 1467 1384 1546 fimdaverat,
1401 1465 1534 1530 tertiam

314 1547 438 1656 322³}
490 1570 617 1651 scholae,
649 1593 749 1658 qnam
790 1593 832 1636 ex
868 1570 982 1635 multis
1021 1569 1135 1636 Galbae
1173 1570 1311 1656 aliisque
1348 1567 1535 1655 regionibus

316 1644 402 1788 ⁰¹¹hil
490 1673 623 1739 remotis
651 1677 917 1761 congregaverat,
942 1673 1067 1738 clericis
1090 1677 1124 1738 et
1149 1672 1336 1738 doctoribus
1358 1670 1534 1736 seeundum

317 1754 344 1789 ω
362 1754 410 1789 ⁰⁰'
490 1774 696 1862 singulorum
717 1775 946 1841 sufficientiam
970 1775 1153 1862 deputavit.

317 1888 476 1940 manda
537 1877 591 1942 Ex
632 1899 705 1943 cera
742 1899 871 1964 quoque
908 1877 944 1941 in
981 1878 1109 1964 pondus
1146 1878 1357 1964 septuaginta
1394 1875 1534 1940 duorrmr

316 1955 477 2087 affine·
491 1978 699 2044 denariorum
721 2001 780 2045 sex
799 1980 951 2046 candelas
971 1980 1111 2066 aequales
1137 1978 1208 2044 ficri
1223 1979 1386 2066 praecepit,
1401 1979 1450 2042 ita
1467 1975 1534 2062 [ut]

490 2081 627 2168 singulae
657 2080 828 2147 duodecim
864 2081 978 2148 uncias
1012 2082 1227 2169 longitudinis
1257 2081 1423 2158 haberent,
1461 2099 1534 2165 quae

491 2204 550 2268 per
572 2183 695 2270 viginti
724 2188 883 2270 quattuor
916 2184 1012 2250 horas
1038 2184 1092 2250 die
1121 2189 1285 2270 noctuque
1315 2182 1383 2248 sine
1406 2181 1536 2247 defectu

493 2306 601 2350 coram
628 2285 842 2371 plurimorum
870 2291 1058 2352 sanctorum
1082 2285 1230 2372 reliquiis
1249 2285 1409 2350 arderent.

317 2397 433 2450 Hiscere
538 2387 581 2452 In
603 2388 800 2473 exequendis
821 2387 951 2453 iudiciis
973 2389 1054 2454 adeo
1081 2388 1239 2454 discretus
1261 2392 1331 2452 erat
1354 2387 1534 2473 indagator,

317 2464 437 2583 mgb
491 2495 531 2556 ut
559 2511 634 2576 quaa
663 2491 700 2554 in
728 2490 881 2555 absentia
910 2491 980 2556 eius
1009 2491 1141 2568 fiebant,
1173 2491 1201 2555 si
1227 2495 1335 2556 essent
1364 2489 1453 2554 iusta
1481 2487 1536 2553 vel

318 2599 453 2676 patronos
489 2592 622 2672 iniusta,
654 2593 841 2678 requireret,
873 2599 917 2673 et,
949 2594 977 2657 si
1007 2594 1152 2680 aliquam
1189 2591 1400 2680 iniquitatem
1438 2591 1536 2656 intel-

314 2673 413 2728 ΝΜ
488 2695 588 2781 ligere
614 2699 731 2780 posset,
755 2694 878 2760 iudices
904 2696 1138 2782 interrogabat,
1163 2699 1275 2760 utrum
1300 2715 1357 2781 per
1386 2694 1537 2780 ignoran-

488 2797 571 2862 tiam
587 2797 641 2862 vel
659 2795 933 2878 malevolentiam,
952 2802 1012 2863 aut
1035 2819 1145 2863 amore
1167 2798 1222 2862 vel
1244 2797 1328 2874 odio,
1345 2797 1462 2862 timore
1481 2797 1535 2862 vel

487 2899 608 2978 favore,
623 2898 679 2964 rel
700 2920 761 2985 pro
787 2901 935 2986 pecuniae
950 2899 1139 2987 eupiditate,
1163 2899 1212 2966 ita
1233 2899 1441 2965 iudicassent.
1488 2901 1535 2967 Et

486 3002 515 3067 si
546 3002 787 3081 confiterentur,
824 3024 858 3067 se
896 3002 980 3067 talia
1016 3002 1176 3069 iudicasse
1213 3023 1251 3067 eo
1288 3002 1376 3087 quod
1412 3003 1535 3069 rectius

485 3105 629 3170 iudicare
652 3103 848 3183 nesciebant,
873 3108 953 3169 tunc
984 3104 1121 3170 discrete
1150 3126 1188 3169 ac
1212 3105 1378 3171 moderate
1402 3104 1533 3171 illorum

486 3208 682 3293 redarguens
715 3205 916 3292 imperitiam
946 3207 1074 3271 aiebat:
1116 3206 1253 3271 “Miror
1283 3228 1361 3272 sane
1391 3212 1534 3273 vestram

487 3309 704 3387 insolentiam,
729 3330 804 3373 cum
831 3307 895 3373 Dei
919 3308 1005 3374 bono
1032 3330 1070 3373 ac
1092 3314 1206 3375 nostro
1235 3310 1432 3395 sapientium
1462 3332 1535 3397 gra-

488 3413 567 3477 dum
593 3416 628 3476 et
649 3410 866 3475 ministerium
897 3411 1089 3497 usurpastis,
1120 3416 1155 3476 et
1184 3411 1354 3499 sapientire
1385 3412 1533 3477 studium

487 3513 687 3600 neglexistis.
744 3513 816 3577 Aut
841 3518 1046 3579 terrenarum
1070 3536 1178 3578 rerum
1208 3514 1390 3579 ministeria
1420 3513 1534 3579 dimit·

488 3616 577 3691 tatis,
608 3620 667 3679 aut
704 3614 876 3701 sapientiae
912 3614 1018 3680 multo
1049 3616 1200 3681 devotius
1236 3637 1336 3701 quam
1373 3615 1533 3683 hactenus

484 3712 617 3792 lecistis,
648 3717 799 3781 insistere
829 3716 1018 3782 studeatis.'’
1063 3716 1127 3783 His
1157 3718 1281 3783 iudices
1310 3718 1434 3784 auditis
1460 3741 1533 3806 per·

487 3818 609 3895 territi,
647 3840 685 3883 ac
721 3818 814 3883 velut
850 3840 911 3905 pro
948 3819 1094 3884 maxima
1129 3820 1278 3885 vindicta
1313 3822 1458 3899 correcti,
1490 3824 1535 3887 ad

489 3919 656 4006 aequitatis
693 3918 854 3985 discendae
891 3921 1039 3986 studium
1076 3921 1156 3987 totis
1186 3922 1312 3988 viribus
1342 3945 1376 3989 se
1406 3928 1534 3990 vertere

488 4022 688 4102 nitebantur,
703 4021 754 4086 ita
774 4025 815 4085 ut
836 4022 1026 4087 illitteratos
1052 4022 1171 4089 litteris
1194 4024 1324 4089 studere
1351 4024 1477 4103 faceret,
1499 4032 1536 4092 et

488 4128 656 4211 torpentes
691 4122 859 4188 reduceret
892 4124 934 4187 ad
964 4124 1135 4211 sapientiae
1162 4126 1374 4213 disciplinam
1435 4128 1534 4195 Unde

488 4232 523 4293 at
543 4228 608 4315 ipsi
630 4248 722 4291 senes
743 4226 786 4292 ad
807 4224 986 4290 litteralem
1013 4227 1184 4293 seientiam
1206 4229 1404 4315 aspirantes
1426 4230 1536 4299 felices

488 4329 735 4394 arbitrabantur
763 4326 853 4391 illius
882 4330 1038 4413 temporis
1072 4329 1216 4409 iuvenes,
1256 4332 1313 4417 qui
1342 4330 1537 4401 liberalibus

488 4430 615 4496 artibus
638 4433 792 4515 poterant
829 4428 963 4509 erudiri,
995 4436 1030 4495 et
1059 4452 1093 4495 se
1123 4432 1277 4511 infelices,
1314 4435 1373 4519 qui
1410 4435 1537 4503 indocti

488 4535 736 4619 permanserunt
758 4535 902 4610 eatenus,
926 4531 1124 4597 iudicabant.

707 4776 715 4809 ¹
733 4778 859 4844 quattuor]
870 4786 928 4840 tres,
940 4780 1003 4846 Rog.
1017 4781 1117 4844 Wund,
1129 4782 1201 4833 Mart.
1213 4784 1317 4834 wera.
