3567 5800
717 898 879 953 marion
1302 894 1328 961 li

822 1076 872 1131 the
903 1074 998 1133 Cassii
1030 1078 1086 1133 and
1118 1078 1241 1147 Silures,
1277 1098 1327 1141 are
1341 1092 1461 1159 sunnis

821 1158 1004 1231 imaginem
1024 1179 1057 1217 or
1077 1163 1177 1219 rather
1201 1164 1251 1221 the
1270 1167 1328 1223 for·
1341 1160 1426 1239 ῡῐῦἱθ,

823 1260 888 1299 mer
899 1244 924 1298 is
937 1243 1089 1303 borrowed
1101 1246 1176 1303 from
1190 1248 1328 1320 Ceoffrsy
1345 1226 1384 1277 ΠΕ
1397 1225 1460 1279 ⁸¹⁰¹·

823 1328 857 1382 oi
870 1327 1054 1395 Monmouth
1074 1330 1113 1385 iv.
1133 1332 1171 1388 92
1193 1332 1218 1388 Ο
1236 1334 1328 1389 admi·

822 1411 916 1466 rabile
939 1418 1011 1470 tuno
1040 1432 1134 1487 genus
1164 1416 1328 1483 Britonusn,

824 1494 875 1564 qui
886 1493 986 1565 ipsum
1004 1496 1049 1552 bis
1068 1498 1099 1553 in
1119 1498 1221 1570 fugam
1238 1518 1330 1571 pepu-

823 1577 930 1643 lerunt,
957 1580 1007 1650 qui
1029 1586 1126 1637 totum
1149 1584 1250 1639 orbem
1275 1584 1331 1641 sibi

825 1662 1027 1719 submiserat.
1067 1704 1074 1719 .
1112 1704 1119 1721 .
1159 1706 1166 1721 .
1203 1668 1330 1725 Hinoad

825 1745 1329 1807 landemillorumoeoinithuoanus

826 1827 863 1881 de
887 1828 1022 1885 Cesserat
1061 1831 1174 1888 Territa
1203 1832 1329 1903 quesitis

826 1912 947 1967 ostendit
959 1918 1037 1983 terqo
1048 1914 1211 1971 Batanaia

278 2069 398 2125 undeet
410 2072 666 2131 emendatissimus
685 2075 778 2131 Luca·
860 2079 1023 2147 Pharsalia,
1038 2082 1067 2137 ii.
1082 2082 1144 2138 572.

281 2171 355 2207 nus:
382 2154 494 2211 Ten-:ta
510 2157 638 2228 quesitis
657 2160 777 2215 ostendit
892 2224 903 2243 α

276 2242 355 2308 tarsa
392 2240 553 2297 emanat.
603 2242 777 2299 adventante

278 2328 377 2379 autem
453 2326 518 2396 ipso
594 2327 777 2399 Imperatore

280 2408 413 2472 Claudio,
445 2427 545 2465 omnes
575 2429 643 2466 oum
671 2412 777 2469 vioinis

280 2492 366 2546 srnoti
398 2499 477 2557 sunt,
503 2510 663 2566 eorumque
693 2496 778 2565 regio

279 2576 310 2629 in
327 2578 452 2632 sormam
468 2576 607 2633 Romanas
619 2580 777 2650 provinciae

282 2660 409 2725 redacta,
440 2663 626 2734 nomineque,
652 2664 803 2742 Clam-i
861 2663 1023 2719 OnFlevia
1043 2664 1232 2723 Caesariensis
1246 2672 1329 2738 see§

278 2758 367 2809 nnus,
381 2750 413 2801 et
422 2752 525 2817 postea
534 2746 654 2813 Fumi,
668 2764 778 2803 nunou·
826 2750 852 2803 2.
890 2748 986 2805 There
997 2748 1023 2805 is
1035 2767 1073 2805 no
1090 2756 1171 2806 trsoe
1189 2752 1221 2806 of
1236 2751 1330 2809 either

278 2834 355 2901 pata.

314 2964 340 3019 1.
354 2965 381 3029 o,
396 2967 411 3033 s
425 2965 469 3020 29.
526 2965 617 3020 Juxta
652 2930 804 3028 catast

282 3048 332 3102 nbi
356 3065 389 3103 se
411 3048 526 3104 Oceano
544 3049 696 3104 Thamesis
713 3069 780 3120 pro·

825 2850 912 2888 name
924 2834 992 2888 thus
1006 2834 1097 2905 early.

863 2968 908 3023 On
950 2969 999 3024 the
1047 2969 1239 3026 Trinobantes
1282 2989 1330 3027 see

828 3051 936 3118 Caesar,
964 3053 999 3107 B.
1027 3053 1061 3108 G.
1089 3073 1117 3110 v.
1144 3055 1197 3110 20:
1229 3055 1331 3110 'Prino-

282 3132 447 3203 pinqusvit‚
462 3133 547 3204 regio
567 3133 779 3189 'l'rinobantum

827 3137 930 3191 bontas
962 3175 969 3190 .
1010 3177 1016 3190 .
1054 3175 1060 3190 .
1093 3179 1099 3191 .
1131 3139 1276 3207 .legatos
1294 3139 1332 3193 ad

282 3216 338 3270 sits
350 3221 423 3270 erat.
436 3218 517 3272 natio
529 3234 595 3287 quse
613 3235 673 3272 non
693 3218 779 3272 modo
802 3226 805 3237 '
829 3219 977 3274 Caesarem
994 3219 1126 3282 mittunt,
1146 3220 1332 3289 pollicentur·

280 3305 381 3371 sponte
416 3301 449 3354 in
486 3301 684 3356 Romanorum
713 3317 780 3356 oon·
829 3317 886 3371 que
921 3319 985 3354 sese
1017 3300 1043 3354 ei
1077 3299 1236 3356 dedituros.
1288 3301 1334 3358 On

281 3385 371 3440 cessit
408 3384 577 3448 amicitiam,
620 3385 672 3440 sed
719 3385 779 3438 illis
803 3434 806 3453 ,
830 3383 1074 3450 Camulodunum,
1107 3385 1237 3440 Camden
1263 3385 1330 3442 3252

283 3487 397 3541 quoque
415 3475 450 3524 ut
472 3471 599 3525 colonias
629 3471 671 3524 ibi
694 3487 780 3541 pone-
802 3470 806 3553 Ι
830 3468 918 3524 Cives
932 3468 977 3522 ΓΙ.
988 3467 1096 3524 Iuliam
1104 3468 1249 3524 Helenam
1258 3469 1331 3526 Con·

281 3560 348 3609 rent
373 3555 559 3625 metropolim
588 3571 673 3610 snam
701 3555 780 3610 Lun-
829 3551 949 3607 stantini
975 3552 1075 3628 magni
1098 3557 1220 3608 matrem
1249 3571 1333 3610 susm

283 3637 385 3692 diuum
415 3645 446 3693 et
475 3637 708 3693 Camulodunum
743 3639 780 3693 ad
829 3637 979 3690 alumnam
1010 3636 1101 3690 fuisse
1132 3642 1268 3692 asserunt
1298 3655 1333 3692 ex

282 3739 363 3776 mare
393 3721 451 3776 sita
473 3721 651 3777 obtulerunt.
675 3722 708 3775 in
725 3722 780 3777 heo
829 3719 912 3776 Coelo
932 3735 1005 3790 rege
1028 3725 1147 3776 netem:
1176 3731 1206 3776 st
1222 3722 1254 3775 in
1274 3739 1334 3777 me·

282 3807 355 3860 urbe
396 3804 502 3861 Flavio
538 3805 623 3860 Julio
657 3805 778 3868 Heloria,
829 3804 952 3859 moriam
964 3803 1059 3859 erneis
1078 3805 1179 3860 abillo
1196 3811 1332 3877 reperta,

281 3889 417 3959 piissima
455 3889 561 3961 conjux
597 3887 781 3945 Constantini
829 3905 946 3944 oruoetn
964 3887 1103 3944 nodosam
1114 3889 1190 3945 inter
1208 3896 1334 3960 quatuor

284 3973 396 4037 Chlori,
421 3979 573 4045 materque
597 3972 781 4028 Constantini
830 3989 950 4028 eoronae
961 3972 1162 4043 interpositam
1174 3973 1292 4043 publioo
1304 3973 1335 4028 in

284 4057 397 4129 Magni,
442 4055 458 4110 ὲ
494 4057 636 4130 sanguine
663 4057 780 4128 Regum
829 4057 959 4128 (ligmets
1002 4061 1118 4127 gerunt.
1185 4057 1243 4111 For
1284 4057 1335 4110 the

284 4141 512 4197 Brittanioorum
531 4144 614 4197 nasoi
633 4142 782 4196 memoriis
829 4142 940 4212 temple
965 4139 998 4193 of
1018 4139 1169 4202 Claudius,
1196 4145 1260 4202 eto„
1287 4155 1335 4192 see

281 4226 430 4296 proditum
447 4225 557 4280 dicunt.
570 4226 668 4297 prims
684 4229 782 4280 autem
831 4225 895 4278 iter
933 4223 975 4276 iii.
1018 4222 1075 4276 and
1106 4219 1235 4276 Camden
1271 4221 1333 4276 323.

281 4310 343 4364 hiso
378 4309 577 4365 Romanorum
608 4308 641 4364 in
674 4309 784 4365 Britta·
832 4305 954 4362 Iaondon
971 4304 997 4359 is
1014 4303 1108 4360 called
1126 4303 1335 4360 Trinouantum

283 4395 333 4448 nis
362 4393 541 4448 coloniarum
570 4399 642 4458 erat,
674 4393 783 4465 templo
832 4392 872 4462 by
895 4387 1040 4455 Nennius,
1076 4405 1101 4444 o.
1140 4387 1184 4454 15,
1210 4389 1267 4444 and
1296 4390 1335 4461 by

285 4475 784 4547 OEsudii,imsgineViotorise‚oum
834 4475 971 4546 Goofl'rey
995 4475 1028 4528 oi
1044 4473 1225 4538 Moumouth
1246 4475 1265 4528 i.
1287 4473 1333 4538 17,

283 4561 349 4616 aliis
363 4561 488 4616 diversis
505 4563 682 4618 ornamentis
693 4562 785 4632 insig·
830 4561 873 4615 iii.
888 4560 933 4614 22.
977 4557 1114 4613 Bostram
1135 4558 1239 4628 falsely
1264 4559 1336 4614 calls

283 4646 339 4701 nis.
365 4645 534 4700 Lundinum
566 4645 644 4700 anim
676 4646 784 4701 mundo
833 4647 859 4700 it
884 4662 902 4699 a
930 4643 1034 4714 oolony
1054 4643 1117 4697 also
1141 4643 1171 4695 ii.
1196 4643 1221 4706 1,
1249 4645 1264 4711 ς
1291 4641 1334 4705 18,

285 4729 404 4799 cognita
427 4730 532 4785 civitas
565 4735 629 4785 erat
658 4737 689 4785 ot
718 4730 783 4785 erit.
834 4727 948 4798 though
984 4725 1102 4782 warned
1132 4725 1172 4796 by
1197 4723 1335 4790 camden,

286 4811 416 4880 primum
440 4812 659 4879 Trinovamum,
685 4821 787 4884 postea
809 4840 812 4871 t
836 4813 906 4868 304:
934 4811 999 4866 Hoo
1024 4809 1119 4866 solum
1138 4808 1189 4864 illo
1208 4814 1338 4879 tempore
