3567 5800
433 885 616 936 usossms
640 883 763 936 ascum
785 881 983 934 Auca-111.
1008 869 1035 931 2.
1215 866 1255 928 21

216 1069 310 1135 sedes
341 1069 539 1158 episcopalis,
563 1092 637 1157 quse
665 1069 758 1157 prius
787 1068 825 1133 in
859 1066 1118 1134 Lindisfarnensi
1151 1066 1260 1132 fuerat

215 1171 334 1250 insula,
356 1174 447 1261 apud
469 1172 582 1239 Oestre
615 1170 855 1253 transferretur,
879 1192 953 1258 quae
985 1167 1169 1257 antiquitus
1192 1169 1259 1235 Ou-

216 1281 401 1362 negecestre
424 1275 599 1342 dicebatur.
645 1275 733 1340 Nam
754 1280 789 1350 et
811 1274 900 1340 idem
922 1277 1052 1340 sanctus
1073 1294 1132 1360 per
1161 1272 1262 1337 abba-

215 1381 288 1442 tem·
322 1377 517 1466 praedictum
554 1377 777 1458 mandaverat,
814 1382 854 1442 ut
892 1377 1080 1463 quicunque
1117 1375 1160 1440 ad
1190 1374 1262 1440 eius

216 1502 333 1568 corpus
355 1482 482 1569 digeret
504 1482 541 1546 in
564 1481 701 1546 articulo
724 1479 935 1560 necessitatis,
957 1501 1071 1567 paoem
1093 1500 1152 1566 per
1173 1499 1263 1543 men-

217 1593 285 1648 seln
307 1583 453 1650 haberet
510 1583 608 1650 Hanc
631 1605 757 1670 quoque
790 1583 895 1670 legem
929 1587 998 1647 tam
1028 1603 1088 1647 rex
1110 1580 1264 1646 Allredus

217 1687 286 1751 sive
320 1687 484 1753 Aluredus
517 1708 616 1773 quam
648 1707 707 1752 rex
742 1685 931 1751 Outhredus
964 1687 1161 1750 censuerunt
1192 1705 1263 1770 per-

217 1793 318 1876 petuo
340 1788 602 1856 conservandam.
658 1787 713 1854 Ad
734 1788 804 1854 haec
835 1789 968 1875 insuper
990 1786 1027 1851 in
1048 1791 1260 1874 augmentum

218 1891 335 1976 prioris
366 1892 452 1958 sedis
484 1893 686 1978 episcopatus
720 1895 826 1956 totam
859 1895 982 1956 terram
1013 1888 1104 1954 inter
1124 1887 1262 1954 fiumina

218 1992 300 2058 'l'ine
322 1997 358 2058 et
379 1992 472 2060 Teisa
495 1993 626 2081 praefati
649 2013 741 2080 reges
770 1995 999 2058 concesserunt
1020 1996 1133 2057 saneto
1157 1990 1261 2057 Outh-

218 2094 311 2160 berto
333 2095 404 2162 iure
425 2100 581 2184 perpetuo
612 2094 853 2182 possidendam,
875 2099 910 2160 et
931 2094 1019 2159 illius
1041 2093 1261 2160 institutionis

218 2196 394 2264 violatores
415 2199 521 2286 poenis
542 2196 756 2264 infernalibus
778 2197 988 2264 addixemnt.

264 2299 388 2367 Eodem
428 2305 575 2388 tempore
610 2299 758 2366 Marinus
797 2322 883 2388 papa
916 2299 987 2388 regi
1020 2298 1155 2364 Alfredo
1194 2285 1337 2400 siveffi'g·

220 2402 364 2469 Aluredo
387 2403 523 2469 donaria
553 2403 785 2469 transmittens
817 2402 968 2491 plurimo,
990 2401 1083 2468 dedit
1115 2401 1145 2466 ei
1176 2350 1410 2468 interuallitt

221 2511 328 2572 cetera
349 2505 534 2593 portionem
557 2527 625 2571 non
647 2505 808 2572 modicam
831 2505 921 2571 illius
946 2503 1126 2570 salutiferas
1158 2502 1265 2569 crucis
1276 2484 1349 2628 ¹1}ss
1356 2489 1412 2534 ⁸⁸³·

221 2608 256 2674 in
278 2631 344 2696 qua
367 2609 430 2675 Dei
454 2608 560 2674 Filius
581 2630 642 2696 pro
665 2608 771 2674 salute
794 2607 910 2674 mundi
933 2607 1099 2695 pependit
1277 2630 1392 2681 Musam

266 2711 390 2778 Eodem
428 2717 574 2799 tempore
611 2733 671 2777 rex
710 2709 865 2777 Alfredus
902 2709 972 2775 sive
1009 2707 1173 2775 Aluredus
1210 2730 1268 2796 per
1279 2697 1425 2816 fffflstf

223 2813 399 2882 Asserum¹
448 2813 758 2882 Schirebuinensem
800 2815 986 2904 episcopum
1031 2812 1074 2878 ad
1117 2818 1268 2879 sanctum
1281 2846 1391 2899 AM,

225 2919 381 2985 Thomam
411 2919 594 3007 apostolum
628 2920 867 3007 eleemosynam
901 2939 994 2985 suam
1024 2917 1117 2983 misit
1149 2917 1187 2983 in
1209 2918 1266 2983 ln·
1279 2914 1419 2995 ΜΝ

224 3024 333 3106 ‹iiam3
356 3024 414 3113 qui
434 3024 514 3090 inde
536 3046 690 3115 prospere
710 3025 849 3106 rediens,
872 3024 995 3091 multos
1017 3022 1087 3110 regi
1108 3023 1268 3113 pretiosos
1279 2983 1361 3035 Inue

223 3128 345 3217 lapides
365 3128 555 3217 reportavit.

1338 2281 1429 2334 Wend.

227 3436 473 3505 Commorim.
524 3433 568 3503 Ut
589 3458 648 3503 rea
670 3434 837 3525 Alsredus
858 3434 930 3503 sice
944 3431 1122 3503 Almam
1143 3432 1268 3501 multoc
1280 3456 1436 3525 segnem.

535 3560 574 3607 ec
595 3538 745 3609 tosttlm
767 3538 945 3627 deterserit.
1280 3526 1414 3644 bibis&

1281 3662 1350 3713 M).
1362 3664 1419 3711 884.

269 3734 464 3806 Nummus
486 3760 688 3827 paganorum
723 3740 885 3806 exercitus
917 3739 954 3805 in
976 3740 1058 3805 duas
1080 3762 1114 3806 se
1143 3744 1270 3806 turmas
1283 3753 1375 3804 Alfi-eu

227 3838 385 3925 dividens,
409 3864 477 3909 una
497 3842 534 3908 in
568 3826 742 3909 Franciem
765 3842 967 3910 orientalem
998 3844 1137 3925 semesit,
1167 3843 1272 3909 ultera
1283 3819 1415 3952 ζξξξοῐξθ

227 3967 303 4012 vero
326 3946 363 4011 in
387 3946 542 4013 Cantium
563 3946 692 4013 rediens
715 3946 921 4013 Roffensium
943 3945 1113 4012 civitatem
1136 3945 1273 4011 obsedit.
1284 3952 1427 4006 nonem.

229 4046 293 4115 Sed
309 4036 453 4116 'civibus
474 4048 618 4115 viriliter
648 4049 911 4138 repugnantibus
943 4070 1003 4115 rex
1024 4048 1180 4115 Alfredus
1202 4050 1273 4115 sive

229 4150 393 4218 Aluredus
416 4152 649 4242 superveniens
672 4151 876 4219 obsidionem
899 4151 1050 4217 dissolvit
1073 4156 1108 4216 et
1129 4172 1274 4239 paganm

230 4254 270 4319 ad
291 4276 395 4323 noves
416 4256 523 4322 redire
555 4256 669 4344 coegit,
693 4254 751 4320 ubi
782 4256 897 4321 multis
927 4255 1110 4320 interfectis
1142 4276 1185 4320 ex
1217 4256 1273 4334 eis,

231 4358 332 4443 spolia
354 4380 467 4425 eorum
489 4359 577 4425 inter
598 4380 673 4425 suos
695 4358 933 4424 commilitones
952 4356 1133 4425 distribuit.

274 4460 348 4541 Quo
372 4461 474 4528 etiam
504 4483 592 4529 auno
624 4460 734 4527 classis
756 4460 868 4527 valida
901 4466 1123 4548 pugnatorum
1143 4461 1187 4526 ab
1217 4462 1276 4527 Al·
1287 4482 1369 4535 noval

232 4561 320 4629 fredo
347 4562 418 4630 sive
432 4564 578 4630 Aluredo
603 4585 678 4651 rege
701 4564 738 4628 in
765 4564 973 4650 Estangliam
997 4564 1131 4644 directa,
1147 4564 1277 4632 invenit
1288 4567 1395 4669 Ἠ

266 4873 272 4905 ¹
290 4875 421 4943 Asterum]
456 4876 481 4929 It
497 4893 548 4930 aas
566 4878 663 4932 Assem
684 4892 817 4940 successor,
838 4876 976 4940 swithelm
996 4878 1054 4931 who
1071 4887 1138 4931 went
1154 4886 1180 4930 to
1197 4880 1277 4931 India.

233 4954 308 5021 (ling.
320 4956 422 5019 wenti,
433 4956 493 5022 ac.)
590 4976 599 4989 ·
