3567 5800
487 803 552 866 298
756 817 823 867 aro.
847 816 1051 872 onc1anuo
1076 818 1168 872 snae.
1191 818 1279 872 mar.

914 1125 993 1191 Car.
1016 1124 1107 1191 XLL

318 1309 415 1370 Μ’
524 1325 573 1398 De
595 1325 797 1394 revelatione
819 1347 895 1414 quen
910 1327 1009 1414 sacto
1031 1334 1078 1395 est
1100 1328 1243 1398 maan
1264 1330 1386 1410 obtati,
1410 1334 1505 1401 etde

314 1378 466 1560 ittitsit,
842 1429 1171 1500 amaricata.

315 1525 339 1575 p.
402 1547 407 1562 .

529 1635 688 1702 Iarnuna
711 1635 877 1704 Haroldus
900 1637 1055 1704 Godwini
1085 1639 1174 1705 filius
1203 1661 1342 1728 regnum
1371 1642 1461 1727 quod
1489 1665 1543 1708 se-

482 1738 627 1805 cundum
656 1741 756 1806 fidem
786 1741 981 1808 sacramenti
1011 1743 1171 1808 debuerat
1200 1765 1345 1813 servasse
1371 1741 1541 1811 willelmo

314 1853 433 1904 narolus
481 1843 568 1930 regie
599 1842 756 1909 Edwardi
786 1845 979 1911 consobrino
1009 1845 1074 1911 sibi
1108 1868 1168 1911 nec
1198 1847 1271 1912 iure
1297 1845 1448 1912 debitum
1478 1869 1541 1914 nec

314 1922 466 1987 usurpator.
481 1952 602 2011 natura
630 1947 846 2012 irreverenter
876 1968 1050 2034 rumpens,
1076 1948 1202 2014 malum
1233 1950 1322 2036 quod
1343 1949 1462 2036 Angb's
1490 1973 1541 2016 ss-

481 2050 625 2116 cundnm
647 2049 754 2115 sancti
783 2050 870 2137 regis
901 2051 1069 2116 oraculum
1101 2051 1265 2117 Dominus
1294 2059 1539 2139 preparaverat

483 2153 742 2240 transgressione
774 2153 863 2240 pecti
895 2157 930 2218 at
959 2154 1039 2219 fidei
1072 2153 1205 2220 laesione
1237 2155 1438 2222 acceleravit
1484 2155 1538 2221 Ut

481 2261 592 2320 autem
623 2257 808 2322 attenuatis
838 2256 967 2322 viribus
996 2254 1126 2322 facilius
1155 2257 1198 2321 ab
1227 2256 1281 2322 his
1310 2279 1394 2343 quos
1414 2258 1538 2324 iniuste

480 2363 715 2444 provocaverat
744 2357 896 2423 hostibus
925 2359 1121 2439 vinceretur,
1143 2359 1319 2425 suscitavit
1348 2360 1379 2425 ci
1400 2383 1422 2424 a
1442 2367 1538 2447 parte

312 2483 434 2534 Invasion
442 2482 471 2533 of
480 2461 655 2547 Aquilonis
692 2460 849 2538 inimicos,
890 2461 1077 2528 Haroldum
1114 2467 1331 2550 cognomento
1369 2462 1536 2551 Harfager

310 2550 436 2682 {1¹32}ss
480 2585 592 2652 regem
612 2563 647 2627 N
648 2584 906 2650 orwagenorum,
933 2571 968 2630 et
989 2565 1140 2631 Tostinm
1162 2565 1300 2631 fratrem
1314 2587 1412 2631 suum
1434 2588 1534 2652 quem

311 2683 468 2748 (Haemos)
481 2669 522 2734 de
556 2667 679 2754 Anglia
708 2667 882 2753 expulerat
920 2673 956 2733 st
993 2673 1142 2756 tempore
1172 2669 1259 2756 regis
1301 2669 1460 2735 exulabat
1496 2671 1534 2735 in

309 2749 450 2801 arrae.
483 2771 648 2836 naneae.
710 2769 758 2834 Hi
787 2791 863 2835 am
895 2791 1016 2858 magne
1038 2771 1140 2837 crass
1163 2772 1455 2859 persuasam
1488 2773 1534 2838 as

482 2874 666 2941 Eboracum
688 2879 899 2962 properantes
922 2896 997 2941 cum
1021 2875 1202 2941 exercitum
1227 2875 1533 2943 Northnmbrornm

479 2978 596 3065 proelio
611 2978 823 3063 excepissent,
832 2978 932 3063 potiti
947 2978 1086 3043 victoria
1100 3000 1256 3064 magnam
1271 2977 1313 3043 de
1324 2978 1533 3047 obstantibus

480 3088 625 3167 stragem
658 3080 828 3145 dederunt.
884 3079 968 3145 Haec
997 3080 1056 3146 ubi
1079 3079 1228 3146 Haraldo
1257 3082 1413 3145 nuntiata
1443 3088 1531 3161 sunt,

309 3196 417 3247 necare
480 3184 661 3251 exercitum
676 3183 842 3269 copiosum
858 3202 901 3245 ex
916 3182 1068 3247 omnibus
1082 3182 1205 3247 finibus
1220 3182 1355 3269 Angliae
1377 3182 1533 3271 collegit;

308 3279 456 3382 {Pffissss
481 3312 554 3354 cum
573 3290 668 3354 nocte
691 3284 831 3372 quadem
861 3284 976 3350 abbati
1005 3285 1135 3351 cuidam
1157 3285 1307 3372 religioso
1329 3287 1388 3371 qui
1411 3286 1531 3352 Rama·

307 3397 350 3447 the
358 3398 434 3449 abbat
442 3398 472 3448 os
480 3392 579 3457 aiensi
602 3394 742 3478 praeerat
757 3389 958 3455 monasterio
973 3388 1074 3454 Alexi
1099 3387 1233 3454 nomine
1255 3388 1373 3455 beatus
1395 3389 1532 3455 Edvan

308 3464 424 3529 Ramsey.
480 3495 541 3559 dus
563 3493 745 3558 insomnis
777 3492 967 3579 [apparuit].
1014 3492 1118 3558 Cuius
1147 3513 1223 3557 cum
1246 3492 1456 3558 maiestatem
1476 3494 1532 3558 vir

479 3596 612 3681 sapiens
650 3594 848 3681 expavisset,
882 3594 939 3659 ille
972 3593 1095 3659 blande
1133 3593 1319 3660 consolatus
1352 3594 1528 3671 hominem,

478 3705 496 3735 ‘¹
508 3697 629 3777 Vade,”
644 3698 762 3783 inquit,
789 3705 807 3733 “
817 3702 850 3762 et
866 3696 919 3761 dic
936 3696 1091 3774 Humido,
1107 3702 1148 3762 ut
1170 3696 1319 3762 homines
1334 3698 1392 3783 qui
1414 3702 1531 3763 contra

476 3803 527 3867 ius
563 3805 597 3867 et
631 3801 681 3865 fas
717 3800 810 3887 regni
856 3799 955 3864 huius
992 3799 1075 3865 fines
1112 3797 1280 3864 invadunt
1317 3800 1531 3886 aggrediatur·

474 3926 593 3971 secure.
660 3903 732 3989 Ego
769 3902 857 3967 enim
888 3923 943 3967 ero
973 3901 1044 3967 dux
1081 3905 1116 3967 et
1152 3906 1319 3987 protector
1356 3902 1530 3983 exercitus,

475 4008 630 4095 quoniam
653 4006 790 4072 iustitiae
812 4006 922 4093 gentis
943 4004 1042 4070 huius
1065 4003 1174 4069 deesse
1204 4026 1274 4069 non
1294 4026 1435 4091 possum,
1470 4028 1530 4093 por

475 4134 573 4197 quem
596 4109 780 4195 reportabit
801 4109 873 4174 vice
908 4108 970 4173 hac
1007 4108 1047 4172 de
1084 4106 1180 4173 hoste
1201 4107 1420 4194 triumphum.
1482 4108 1530 4174 Et

474 4238 516 4279 nc
538 4214 648 4279 verbis
677 4212 746 4277 tuis
776 4212 873 4277 fidem
904 4211 1047 4297 deroget,
1071 4215 1233 4275 secretum
1271 4211 1302 4275 ei
1332 4212 1385 4275 sui
1422 4212 1529 4277 cordis

473 4318 615 4394 ostende,
640 4322 687 4394 ut,
711 4337 786 4380 cnm
809 4315 838 4381 ei
861 4337 936 4400 quae
958 4314 1049 4379 nntlo
1072 4312 1199 4379 conscio
1228 4318 1340 4379 mente
1371 4314 1529 4381 volvebat

473 4420 624 4500 edixeris,
648 4442 716 4485 non
745 4420 816 4485 haec
838 4422 908 4485 tuae
929 4416 1168 4495 adinventioni,
1192 4416 1250 4481 sed
1279 4440 1362 4483 meae
1391 4418 1530 4504 plumis-

472 4524 556 4589 sicni
589 4522 740 4587 ascribat.
796 4520 904 4586 Nocte
937 4520 1070 4607 quidem
1103 4520 1275 4605 praeterita
1307 4542 1381 4585 cum
1413 4522 1529 4587 dolona

471 4626 604 4691 femoris
625 4628 843 4710 torqueretur,
867 4624 944 4690 licet
969 4645 1045 4687 eum
1073 4644 1141 4687 non
1171 4644 1287 4708 parum
1310 4629 1442 4711 urgeret
1464 4625 1529 4688 im-

473 4730 601 4793 minens
630 4727 793 4806 molestia,
823 4728 916 4793 siluit
948 4733 1072 4805 tamen,
1104 4731 1263 4812 reputans
1297 4727 1385 4813 apud
1422 4749 1466 4803 se,
1496 4730 1527 4793 si
