<?xml version="1.0" encoding="UTF-8"?>
<!DOCTYPE html PUBLIC "-//W3C//DTD XHTML 1.0 Transitional//EN"
    "http://www.w3.org/TR/xhtml1/DTD/xhtml1-transitional.dtd">
<html xmlns="http://www.w3.org/1999/xhtml" xml:lang="en" lang="en">
 <head>
  <title>
</title>
<meta http-equiv="Content-Type" content="text/html;charset=utf-8" />
  <meta name='ocr-system' content='tesseract 3.04.00' />
  <meta name='ocr-capabilities' content='ocr_page ocr_carea ocr_par ocr_line ocrx_word'/>
</head>
<body>
  <div class='ocr_page' id='page_1' title='image "./speculumhistori00mayogoog_0203.png"; bbox 0 0 3567 5800; ppageno 0'>
   <div class='ocr_carea' id='block_1_1' title="bbox 520 865 1294 940">
    <p class='ocr_par' dir='ltr' id='par_1_1' title="bbox 520 865 1294 940">
     <span class='ocr_line' id='line_1_1' title="bbox 520 865 1294 940; baseline 0.001 -11"><span class='ocrx_word' id='word_1_1' title='bbox 520 865 561 930; x_wconf 78' lang='lat'>20</span> <span class='ocrx_word' id='word_1_2' title='bbox 726 935 728 940; x_wconf 70' lang='grc'>,</span> <span class='ocrx_word' id='word_1_3' title='bbox 776 879 843 931; x_wconf 78' lang='lat' dir='ltr'>nic.</span> <span class='ocrx_word' id='word_1_4' title='bbox 866 879 914 930; x_wconf 85' lang='grc'>11</span> <span class='ocrx_word' id='word_1_5' title='bbox 935 880 1068 931; x_wconf 78' lang='lat' dir='ltr'>omnus.</span> <span class='ocrx_word' id='word_1_6' title='bbox 1091 879 1182 931; x_wconf 72' lang='lat' dir='ltr'>sanc.</span> <span class='ocrx_word' id='word_1_7' title='bbox 1205 879 1294 930; x_wconf 76' lang='lat' dir='ltr'>msa.</span> 
     </span>
    </p>
   </div>
   <div class='ocr_carea' id='block_1_2' title="bbox 352 1067 1558 1752">
    <p class='ocr_par' dir='ltr' id='par_1_2' title="bbox 352 1067 1558 1752">
     <span class='ocr_line' id='line_1_2' title="bbox 354 1067 1558 1156; baseline -0.002 -20"><span class='ocrx_word' id='word_1_8' title='bbox 354 1083 420 1136; x_wconf 69' lang='grc'><strong>11).</strong></span> <span class='ocrx_word' id='word_1_9' title='bbox 434 1089 490 1137; x_wconf 76' lang='lat' dir='ltr'>aaa.</span> <span class='ocrx_word' id='word_1_10' title='bbox 519 1067 643 1155; x_wconf 82' lang='lat' dir='ltr'>Anglos</span> <span class='ocrx_word' id='word_1_11' title='bbox 669 1067 851 1135; x_wconf 87' lang='lat' dir='ltr'>Orientales</span> <span class='ocrx_word' id='word_1_12' title='bbox 884 1069 1038 1156; x_wconf 85' lang='lat' dir='ltr'>perrexit,</span> <span class='ocrx_word' id='word_1_13' title='bbox 1063 1069 1122 1135; x_wconf 90' lang='lat' dir='ltr'>ubi</span> <span class='ocrx_word' id='word_1_14' title='bbox 1146 1069 1241 1135; x_wconf 85' lang='lat' dir='ltr'>Gitro</span> <span class='ocrx_word' id='word_1_15' title='bbox 1263 1089 1322 1134; x_wconf 86' lang='lat' dir='ltr'>rex</span> <span class='ocrx_word' id='word_1_16' title='bbox 1344 1088 1451 1156; x_wconf 86' lang='lat' dir='ltr'>nuper</span> <span class='ocrx_word' id='word_1_17' title='bbox 1479 1067 1558 1155; x_wconf 86' lang='lat' dir='ltr'>bap·</span> 
     </span>
     <span class='ocr_line' id='line_1_3' title="bbox 518 1171 1558 1258; baseline 0 -22"><span class='ocrx_word' id='word_1_18' title='bbox 518 1171 641 1236; x_wconf 79' lang='lat' dir='ltr'>tinctus</span> <span class='ocrx_word' id='word_1_19' title='bbox 666 1171 830 1258; x_wconf 82' lang='lat' dir='ltr'>regionem</span> <span class='ocrx_word' id='word_1_20' title='bbox 854 1171 947 1236; x_wconf 89' lang='lat' dir='ltr'>illam</span> <span class='ocrx_word' id='word_1_21' title='bbox 970 1173 1059 1238; x_wconf 86' lang='lat' dir='ltr'>inter</span> <span class='ocrx_word' id='word_1_22' title='bbox 1087 1193 1161 1238; x_wconf 91' lang='lat' dir='ltr'>suos</span> <span class='ocrx_word' id='word_1_23' title='bbox 1192 1171 1344 1237; x_wconf 89' lang='lat' dir='ltr'>dividens</span> <span class='ocrx_word' id='word_1_24' title='bbox 1375 1171 1558 1236; x_wconf 73' lang='lat' dir='ltr'><strong>inhabitam</strong></span> 
     </span>
     <span class='ocr_line' id='line_1_4' title="bbox 353 1273 1557 1361; baseline 0.005 -29"><span class='ocrx_word' id='word_1_25' title='bbox 353 1273 603 1349; x_wconf 75' lang='lat' dir='ltr'>Bmlmngoffccit.</span> <span class='ocrx_word' id='word_1_26' title='bbox 652 1273 725 1353; x_wconf 76' lang='lat' dir='ltr'>Quo</span> <span class='ocrx_word' id='word_1_27' title='bbox 750 1273 850 1340; x_wconf 86' lang='lat' dir='ltr'>etiam</span> <span class='ocrx_word' id='word_1_28' title='bbox 874 1278 1020 1361; x_wconf 85' lang='lat' dir='ltr'>tempore</span> <span class='ocrx_word' id='word_1_29' title='bbox 1045 1295 1105 1340; x_wconf 86' lang='lat' dir='ltr'>rex</span> <span class='ocrx_word' id='word_1_30' title='bbox 1129 1274 1282 1339; x_wconf 85' lang='lat' dir='ltr'>Alfredus</span> <span class='ocrx_word' id='word_1_31' title='bbox 1303 1274 1374 1339; x_wconf 87' lang='lat' dir='ltr'>sive</span> <span class='ocrx_word' id='word_1_32' title='bbox 1396 1273 1557 1340; x_wconf 79' lang='lat' dir='ltr'>Almedus</span> 
     </span>
     <span class='ocr_line' id='line_1_5' title="bbox 353 1349 1557 1480; baseline -0.001 -38"><span class='ocrx_word' id='word_1_33' title='bbox 353 1349 462 1480; x_wconf 40' lang='lat'>{⁶⁵5⁰}</span> <span class='ocrx_word' id='word_1_34' title='bbox 519 1376 722 1442; x_wconf 85' lang='lat' dir='ltr'>Seaftoniam</span> <span class='ocrx_word' id='word_1_35' title='bbox 745 1377 910 1462; x_wconf 87' lang='lat' dir='ltr'>quondam</span> <span class='ocrx_word' id='word_1_36' title='bbox 934 1377 1048 1442; x_wconf 88' lang='lat' dir='ltr'>urbem</span> <span class='ocrx_word' id='word_1_37' title='bbox 1071 1377 1225 1457; x_wconf 90' lang='lat' dir='ltr'>nobilem,</span> <span class='ocrx_word' id='word_1_38' title='bbox 1252 1398 1326 1462; x_wconf 88' lang='lat' dir='ltr'>qnae</span> <span class='ocrx_word' id='word_1_39' title='bbox 1348 1377 1445 1443; x_wconf 92' lang='lat' dir='ltr'>modo</span> <span class='ocrx_word' id='word_1_40' title='bbox 1470 1377 1557 1442; x_wconf 76' lang='lat' dir='ltr'>viciis</span> 
     </span>
     <span class='ocr_line' id='line_1_6' title="bbox 352 1445 1557 1567; baseline 0 -22"><span class='ocrx_word' id='word_1_41' title='bbox 352 1445 441 1547; x_wconf 63' lang='lat' dir='ltr'>alta.</span> <span class='ocrx_word' id='word_1_42' title='bbox 458 1445 506 1482; x_wconf 66' lang='lat'>²⁰²</span> <span class='ocrx_word' id='word_1_43' title='bbox 519 1484 577 1557; x_wconf 72' lang='lat' dir='ltr'>aa,</span> <span class='ocrx_word' id='word_1_44' title='bbox 610 1479 797 1545; x_wconf 70' lang='lat' dir='ltr'>aaaaava.</span> <span class='ocrx_word' id='word_1_45' title='bbox 852 1478 924 1544; x_wconf 80' lang='lat' dir='ltr'>nu</span> <span class='ocrx_word' id='word_1_46' title='bbox 948 1484 1064 1566; x_wconf 73' lang='lat' dir='ltr'>posca</span> <span class='ocrx_word' id='word_1_47' title='bbox 1090 1480 1222 1567; x_wconf 83' lang='lat' dir='ltr'>Algiva,</span> <span class='ocrx_word' id='word_1_48' title='bbox 1252 1480 1367 1566; x_wconf 72' lang='lat' dir='ltr'>regna</span> <span class='ocrx_word' id='word_1_49' title='bbox 1393 1479 1557 1546; x_wconf 71' lang='lat' dir='ltr'>namma</span> 
     </span>
     <span class='ocr_line' id='line_1_7' title="bbox 519 1581 1556 1670; baseline 0.001 -24"><span class='ocrx_word' id='word_1_50' title='bbox 519 1583 604 1670; x_wconf 82' lang='lat' dir='ltr'>regis</span> <span class='ocrx_word' id='word_1_51' title='bbox 638 1583 695 1668; x_wconf 90' lang='lat' dir='ltr'>qui</span> <span class='ocrx_word' id='word_1_52' title='bbox 725 1603 886 1670; x_wconf 78' lang='lat' dir='ltr'>pronepos</span> <span class='ocrx_word' id='word_1_53' title='bbox 919 1581 985 1648; x_wconf 82' lang='lat' dir='ltr'>fuit</span> <span class='ocrx_word' id='word_1_54' title='bbox 1014 1583 1110 1649; x_wconf 91' lang='lat' dir='ltr'>istius</span> <span class='ocrx_word' id='word_1_55' title='bbox 1146 1581 1274 1648; x_wconf 78' lang='lat' dir='ltr'>Allredi</span> <span class='ocrx_word' id='word_1_56' title='bbox 1311 1583 1380 1649; x_wconf 88' lang='lat' dir='ltr'>sive</span> <span class='ocrx_word' id='word_1_57' title='bbox 1410 1583 1556 1660; x_wconf 73' lang='lat' dir='ltr'>aluredi,</span> 
     </span>
     <span class='ocr_line' id='line_1_8' title="bbox 517 1685 1252 1752; baseline 0 -2"><span class='ocrx_word' id='word_1_58' title='bbox 517 1685 821 1751; x_wconf 86' lang='lat' dir='ltr'>sanctimonialibus</span> <span class='ocrx_word' id='word_1_59' title='bbox 845 1685 1032 1752; x_wconf 87' lang='lat' dir='ltr'>coenobium</span> <span class='ocrx_word' id='word_1_60' title='bbox 1054 1685 1252 1752; x_wconf 81' lang='lat' dir='ltr'>construxit.</span> 
     </span>
    </p>
   </div>
   <div class='ocr_carea' id='block_1_3' title="bbox 351 1782 1558 2698">
    <p class='ocr_par' dir='ltr' id='par_1_3' title="bbox 351 1782 1558 2698">
     <span class='ocr_line' id='line_1_9' title="bbox 353 1782 1558 1876; baseline 0.004 -28"><span class='ocrx_word' id='word_1_61' title='bbox 353 1782 495 1862; x_wconf 59' lang='lat' dir='ltr'>sesculpa,</span> <span class='ocrx_word' id='word_1_62' title='bbox 563 1787 625 1854; x_wconf 89' lang='lat' dir='ltr'>Per</span> <span class='ocrx_word' id='word_1_63' title='bbox 648 1788 735 1855; x_wconf 89' lang='lat' dir='ltr'>idem</span> <span class='ocrx_word' id='word_1_64' title='bbox 758 1793 887 1876; x_wconf 87' lang='lat' dir='ltr'>tempus</span> <span class='ocrx_word' id='word_1_65' title='bbox 915 1787 1068 1855; x_wconf 85' lang='lat' dir='ltr'>defimcto</span> <span class='ocrx_word' id='word_1_66' title='bbox 1084 1789 1266 1871; x_wconf 81' lang='lat' dir='ltr'>Dunberto,</span> <span class='ocrx_word' id='word_1_67' title='bbox 1282 1787 1458 1856; x_wconf 85' lang='lat' dir='ltr'>Wentanae</span> <span class='ocrx_word' id='word_1_68' title='bbox 1472 1788 1558 1854; x_wconf 90' lang='lat' dir='ltr'>urbis</span> 
     </span>
     <span class='ocr_line' id='line_1_10' title="bbox 353 1850 1558 1980; baseline -0.001 -24"><span class='ocrx_word' id='word_1_69' title='bbox 353 1850 484 1968; x_wconf 39' lang='lat' dir='ltr'>iiiiii&amp;</span> <span class='ocrx_word' id='word_1_70' title='bbox 518 1892 675 1979; x_wconf 80' lang='lat' dir='ltr'>episcopa,</span> <span class='ocrx_word' id='word_1_71' title='bbox 701 1890 917 1978; x_wconf 85' lang='lat' dir='ltr'>Oencwlphus</span> <span class='ocrx_word' id='word_1_72' title='bbox 939 1891 969 1957; x_wconf 88' lang='lat' dir='ltr'>ei</span> <span class='ocrx_word' id='word_1_73' title='bbox 991 1893 1029 1957; x_wconf 90' lang='lat' dir='ltr'>in</span> <span class='ocrx_word' id='word_1_74' title='bbox 1050 1891 1273 1980; x_wconf 87' lang='lat' dir='ltr'>episcopatum</span> <span class='ocrx_word' id='word_1_75' title='bbox 1287 1892 1451 1960; x_wconf 77' lang='lat' dir='ltr'>acmessit.</span> <span class='ocrx_word' id='word_1_76' title='bbox 1496 1891 1558 1956; x_wconf 91' lang='lat' dir='ltr'>Hic</span> 
     </span>
     <span class='ocr_line' id='line_1_11' title="bbox 351 1990 1557 2082; baseline 0.002 -24"><span class='ocrx_word' id='word_1_77' title='bbox 351 1991 396 2035; x_wconf 62' lang='grc' dir='ltr'>ἴθ’·</span> <span class='ocrx_word' id='word_1_78' title='bbox 518 1993 589 2059; x_wconf 88' lang='lat' dir='ltr'>est¹</span> <span class='ocrx_word' id='word_1_79' title='bbox 619 1993 771 2060; x_wconf 81' lang='lat' dir='ltr'>subulcus</span> <span class='ocrx_word' id='word_1_80' title='bbox 794 1994 857 2075; x_wconf 85' lang='lat' dir='ltr'>illc,</span> <span class='ocrx_word' id='word_1_81' title='bbox 893 1998 932 2060; x_wconf 91' lang='grc'>11</span> <span class='ocrx_word' id='word_1_82' title='bbox 957 1993 1176 2075; x_wconf 84' lang='lat' dir='ltr'>famarefert,</span> <span class='ocrx_word' id='word_1_83' title='bbox 1204 2018 1300 2082; x_wconf 91' lang='lat' dir='ltr'>quem</span> <span class='ocrx_word' id='word_1_84' title='bbox 1326 2017 1385 2061; x_wconf 87' lang='lat' dir='ltr'>rex</span> <span class='ocrx_word' id='word_1_85' title='bbox 1405 1990 1557 2061; x_wconf 74' lang='lat' dir='ltr'>Alnedus</span> 
     </span>
     <span class='ocr_line' id='line_1_12' title="bbox 517 2096 1555 2184; baseline 0.002 -24"><span class='ocrx_word' id='word_1_86' title='bbox 517 2097 587 2161; x_wconf 86' lang='lat' dir='ltr'>sive</span> <span class='ocrx_word' id='word_1_87' title='bbox 610 2096 776 2162; x_wconf 78' lang='lat' dir='ltr'>Alunedus</span> <span class='ocrx_word' id='word_1_88' title='bbox 806 2118 1008 2184; x_wconf 84' lang='lat' dir='ltr'>paganorum</span> <span class='ocrx_word' id='word_1_89' title='bbox 1034 2097 1203 2163; x_wconf 86' lang='lat' dir='ltr'>violentiae</span> <span class='ocrx_word' id='word_1_90' title='bbox 1233 2099 1348 2165; x_wconf 90' lang='lat' dir='ltr'>cedens</span> <span class='ocrx_word' id='word_1_91' title='bbox 1379 2099 1416 2163; x_wconf 91' lang='lat' dir='ltr'>in</span> <span class='ocrx_word' id='word_1_92' title='bbox 1446 2097 1555 2163; x_wconf 85' lang='lat' dir='ltr'>Ethel-</span> 
     </span>
     <span class='ocr_line' id='line_1_13' title="bbox 517 2197 1555 2288; baseline 0.004 -26"><span class='ocrx_word' id='word_1_93' title='bbox 517 2197 616 2285; x_wconf 87' lang='lat' dir='ltr'>cngia</span> <span class='ocrx_word' id='word_1_94' title='bbox 629 2220 743 2286; x_wconf 84' lang='lat' dir='ltr'>porcos</span> <span class='ocrx_word' id='word_1_95' title='bbox 765 2204 951 2286; x_wconf 84' lang='lat' dir='ltr'>pascentem</span> <span class='ocrx_word' id='word_1_96' title='bbox 972 2200 1112 2280; x_wconf 79' lang='lat' dir='ltr'>invenit,</span> <span class='ocrx_word' id='word_1_97' title='bbox 1137 2206 1266 2268; x_wconf 87' lang='lat' dir='ltr'>etcum</span> <span class='ocrx_word' id='word_1_98' title='bbox 1290 2201 1370 2288; x_wconf 87' lang='lat' dir='ltr'>ipso,</span> <span class='ocrx_word' id='word_1_99' title='bbox 1393 2207 1434 2266; x_wconf 93' lang='lat' dir='ltr'>ut</span> <span class='ocrx_word' id='word_1_100' title='bbox 1464 2223 1555 2288; x_wconf 89' lang='lat' dir='ltr'>supra</span> 
     </span>
     <span class='ocr_line' id='line_1_14' title="bbox 517 2301 1556 2392; baseline 0.002 -26"><span class='ocrx_word' id='word_1_101' title='bbox 517 2301 698 2382; x_wconf 76' lang='lat' dir='ltr'>retulimus,</span> <span class='ocrx_word' id='word_1_102' title='bbox 714 2301 906 2388; x_wconf 79' lang='lat' dir='ltr'>aliquandiu</span> <span class='ocrx_word' id='word_1_103' title='bbox 919 2302 1104 2388; x_wconf 74' lang='lat' dir='ltr'>hospitatus</span> <span class='ocrx_word' id='word_1_104' title='bbox 1127 2308 1184 2369; x_wconf 83' lang='lat' dir='ltr'>est</span> <span class='ocrx_word' id='word_1_105' title='bbox 1231 2303 1332 2370; x_wconf 78' lang='lat' dir='ltr'>Cuius</span> <span class='ocrx_word' id='word_1_106' title='bbox 1354 2324 1412 2368; x_wconf 89' lang='lat' dir='ltr'>rex</span> <span class='ocrx_word' id='word_1_107' title='bbox 1430 2303 1556 2392; x_wconf 80' lang='lat' dir='ltr'>ingenio</span> 
     </span>
     <span class='ocr_line' id='line_1_15' title="bbox 517 2404 1555 2493; baseline 0.002 -25"><span class='ocrx_word' id='word_1_108' title='bbox 517 2404 662 2470; x_wconf 73' lang='lat' dir='ltr'>saeculari</span> <span class='ocrx_word' id='word_1_109' title='bbox 704 2410 878 2492; x_wconf 88' lang='lat' dir='ltr'>comperto,</span> <span class='ocrx_word' id='word_1_110' title='bbox 918 2408 1032 2470; x_wconf 83' lang='lat' dir='ltr'>statim</span> <span class='ocrx_word' id='word_1_111' title='bbox 1070 2410 1109 2473; x_wconf 90' lang='lat' dir='ltr'>ut</span> <span class='ocrx_word' id='word_1_112' title='bbox 1150 2427 1251 2493; x_wconf 84' lang='lat' dir='ltr'>regno</span> <span class='ocrx_word' id='word_1_113' title='bbox 1288 2406 1464 2472; x_wconf 87' lang='lat' dir='ltr'>restitutus</span> <span class='ocrx_word' id='word_1_114' title='bbox 1500 2411 1555 2485; x_wconf 89' lang='lat' dir='ltr'>est,</span> 
     </span>
     <span class='ocr_line' id='line_1_16' title="bbox 516 2505 1556 2596; baseline 0.001 -26"><span class='ocrx_word' id='word_1_115' title='bbox 516 2507 637 2571; x_wconf 86' lang='lat' dir='ltr'>litteris</span> <span class='ocrx_word' id='word_1_116' title='bbox 657 2505 751 2572; x_wconf 91' lang='lat' dir='ltr'>illum</span> <span class='ocrx_word' id='word_1_117' title='bbox 774 2507 915 2573; x_wconf 84' lang='lat' dir='ltr'>tradidit</span> <span class='ocrx_word' id='word_1_118' title='bbox 936 2507 1188 2574; x_wconf 87' lang='lat' dir='ltr'>informandum.</span> <span class='ocrx_word' id='word_1_119' title='bbox 1234 2508 1339 2589; x_wconf 79' lang='lat' dir='ltr'>Quem</span> <span class='ocrx_word' id='word_1_120' title='bbox 1353 2509 1556 2596; x_wconf 87' lang='lat' dir='ltr'>postmodum</span> 
     </span>
     <span class='ocr_line' id='line_1_17' title="bbox 515 2608 1554 2698; baseline -0.001 -24"><span class='ocrx_word' id='word_1_121' title='bbox 515 2608 690 2695; x_wconf 81' lang='lat' dir='ltr'>perfectius</span> <span class='ocrx_word' id='word_1_122' title='bbox 729 2611 922 2677; x_wconf 85' lang='lat' dir='ltr'>institutum</span> <span class='ocrx_word' id='word_1_123' title='bbox 954 2609 1135 2679; x_wconf 77' lang='lat' dir='ltr'>Wintoniae</span> <span class='ocrx_word' id='word_1_124' title='bbox 1166 2611 1245 2676; x_wconf 81' lang='lat' dir='ltr'>lecit</span> <span class='ocrx_word' id='word_1_125' title='bbox 1281 2611 1454 2698; x_wconf 79' lang='lat' dir='ltr'>praesulem</span> <span class='ocrx_word' id='word_1_126' title='bbox 1484 2632 1554 2674; x_wconf 90' lang='lat' dir='ltr'>con-</span> 
     </span>
    </p>
   </div>
   <div class='ocr_carea' id='block_1_4' title="bbox 516 2733 648 2780">
    <p class='ocr_par' dir='ltr' id='par_1_4' title="bbox 516 2733 648 2780">
     <span class='ocr_line' id='line_1_18' title="bbox 516 2733 648 2780; baseline -0.015 0"><span class='ocrx_word' id='word_1_127' title='bbox 516 2733 648 2780; x_wconf 62' lang='lat' dir='ltr'>sectare.</span> 
     </span>
    </p>
   </div>
   <div class='ocr_carea' id='block_1_5' title="bbox 350 3050 1170 3145">
    <p class='ocr_par' dir='ltr' id='par_1_5' title="bbox 350 3050 1170 3145">
     <span class='ocr_line' id='line_1_19' title="bbox 350 3050 1170 3145; baseline -0.021 -14"><span class='ocrx_word' id='word_1_128' title='bbox 350 3080 506 3145; x_wconf 49' lang='lat' dir='ltr'>nocuae</span> <span class='ocrx_word' id='word_1_129' title='bbox 920 3050 1170 3117; x_wconf 77' lang='lat' dir='ltr'>Conmansmo.</span> 
     </span>
    </p>
   </div>
   <div class='ocr_carea' id='block_1_6' title="bbox 349 3149 1553 3354">
    <p class='ocr_par' dir='ltr' id='par_1_6' title="bbox 349 3149 1553 3354">
     <span class='ocr_line' id='line_1_20' title="bbox 350 3149 483 3200; baseline 0.03 -4"><span class='ocrx_word' id='word_1_130' title='bbox 350 3149 483 3200; x_wconf 83' lang='lat' dir='ltr'>andMatt.</span> 
     </span>
     <span class='ocr_line' id='line_1_21' title="bbox 349 3212 1553 3354; baseline -0.001 -24"><span class='ocrx_word' id='word_1_131' title='bbox 349 3212 488 3333; x_wconf 49' lang='lat' dir='ltr'>liciniae</span> <span class='ocrx_word' id='word_1_132' title='bbox 565 3268 689 3332; x_wconf 77' lang='lat' dir='ltr'>Eonsm</span> <span class='ocrx_word' id='word_1_133' title='bbox 720 3271 865 3354; x_wconf 88' lang='lat' dir='ltr'>tempore</span> <span class='ocrx_word' id='word_1_134' title='bbox 908 3287 1047 3353; x_wconf 82' lang='lat' dir='ltr'>magnus</span> <span class='ocrx_word' id='word_1_135' title='bbox 1089 3286 1288 3353; x_wconf 82' lang='lat' dir='ltr'>paganomm</span> <span class='ocrx_word' id='word_1_136' title='bbox 1319 3266 1481 3332; x_wconf 83' lang='lat' dir='ltr'>exercitus</span> <span class='ocrx_word' id='word_1_137' title='bbox 1514 3266 1553 3331; x_wconf 90' lang='lat' dir='ltr'>de</span> 
     </span>
    </p>
   </div>
   <div class='ocr_carea' id='block_1_7' title="bbox 348 3360 1554 3764">
    <p class='ocr_par' dir='ltr' id='par_1_7' title="bbox 348 3360 1554 3764">
     <span class='ocr_line' id='line_1_22' title="bbox 349 3360 1554 3479; baseline 0 -44"><span class='ocrx_word' id='word_1_138' title='bbox 349 3360 473 3479; x_wconf 56' lang='lat' dir='ltr'>fflmflt</span> <span class='ocrx_word' id='word_1_139' title='bbox 518 3372 666 3457; x_wconf 86' lang='lat' dir='ltr'>partibus</span> <span class='ocrx_word' id='word_1_140' title='bbox 700 3370 877 3434; x_wconf 85' lang='lat' dir='ltr'>adveniens</span> <span class='ocrx_word' id='word_1_141' title='bbox 902 3367 1078 3435; x_wconf 84' lang='lat' dir='ltr'>Gallicanis</span> <span class='ocrx_word' id='word_1_142' title='bbox 1112 3369 1309 3434; x_wconf 71' lang='lat' dir='ltr'>indusium</span> <span class='ocrx_word' id='word_1_143' title='bbox 1345 3368 1554 3435; x_wconf 70' lang='lat' dir='ltr'>&#39;rhemensem</span> 
     </span>
     <span class='ocr_line' id='line_1_23' title="bbox 458 3468 1553 3559; baseline 0 -22"><span class='ocrx_word' id='word_1_144' title='bbox 458 3468 464 3480; x_wconf 90' lang='lat'>&#39;</span> <span class='ocrx_word' id='word_1_145' title='bbox 515 3473 619 3553; x_wconf 85' lang='lat' dir='ltr'>venit,</span> <span class='ocrx_word' id='word_1_146' title='bbox 658 3478 691 3537; x_wconf 90' lang='lat' dir='ltr'>et</span> <span class='ocrx_word' id='word_1_147' title='bbox 722 3472 811 3558; x_wconf 84' lang='lat' dir='ltr'>apud</span> <span class='ocrx_word' id='word_1_148' title='bbox 845 3471 1005 3537; x_wconf 85' lang='lat' dir='ltr'>Fuleham</span> <span class='ocrx_word' id='word_1_149' title='bbox 1021 3512 1024 3515; x_wconf 88' lang='lat'>-</span> <span class='ocrx_word' id='word_1_150' title='bbox 1043 3471 1210 3537; x_wconf 86' lang='lat' dir='ltr'>hiemavit</span> <span class='ocrx_word' id='word_1_151' title='bbox 1272 3472 1396 3537; x_wconf 86' lang='lat' dir='ltr'>Eodem</span> <span class='ocrx_word' id='word_1_152' title='bbox 1433 3494 1553 3559; x_wconf 87' lang='lat' dir='ltr'>quoque</span> 
     </span>
     <span class='ocr_line' id='line_1_24' title="bbox 348 3556 1553 3690; baseline 0 -51"><span class='ocrx_word' id='word_1_153' title='bbox 348 3556 453 3690; x_wconf 44' lang='grc' dir='ltr'>ἓξὲξ]</span> <span class='ocrx_word' id='word_1_154' title='bbox 516 3581 663 3661; x_wconf 87' lang='lat' dir='ltr'>tempore</span> <span class='ocrx_word' id='word_1_155' title='bbox 685 3577 744 3639; x_wconf 74' lang='lat' dir='ltr'>lex</span> <span class='ocrx_word' id='word_1_156' title='bbox 765 3573 919 3638; x_wconf 86' lang='lat' dir='ltr'>Alfredus</span> <span class='ocrx_word' id='word_1_157' title='bbox 941 3575 1012 3639; x_wconf 87' lang='lat' dir='ltr'>sive</span> <span class='ocrx_word' id='word_1_158' title='bbox 1027 3574 1193 3640; x_wconf 85' lang='lat' dir='ltr'>Aluredus</span> <span class='ocrx_word' id='word_1_159' title='bbox 1215 3575 1335 3640; x_wconf 87' lang='lat' dir='ltr'>multos</span> <span class='ocrx_word' id='word_1_160' title='bbox 1357 3597 1553 3663; x_wconf 82' lang='lat' dir='ltr'>paganorum</span> 
     </span>
     <span class='ocr_line' id='line_1_25' title="bbox 515 3676 1553 3764; baseline 0.001 -23"><span class='ocrx_word' id='word_1_161' title='bbox 515 3678 649 3764; x_wconf 85' lang='lat' dir='ltr'>populos</span> <span class='ocrx_word' id='word_1_162' title='bbox 672 3676 784 3741; x_wconf 83' lang='lat' dir='ltr'>navali</span> <span class='ocrx_word' id='word_1_163' title='bbox 806 3676 922 3762; x_wconf 88' lang='lat' dir='ltr'>proelio</span> <span class='ocrx_word' id='word_1_164' title='bbox 944 3676 1026 3743; x_wconf 90' lang='lat' dir='ltr'>vicit</span> <span class='ocrx_word' id='word_1_165' title='bbox 1059 3681 1093 3743; x_wconf 90' lang='lat' dir='ltr'>et</span> <span class='ocrx_word' id='word_1_166' title='bbox 1123 3677 1297 3759; x_wconf 84' lang='lat' dir='ltr'>interfecit,</span> <span class='ocrx_word' id='word_1_167' title='bbox 1321 3684 1356 3743; x_wconf 90' lang='lat' dir='ltr'>et</span> <span class='ocrx_word' id='word_1_168' title='bbox 1385 3678 1553 3743; x_wconf 89' lang='lat' dir='ltr'>nonnullos</span> 
     </span>
    </p>
   </div>
   <div class='ocr_carea' id='block_1_8' title="bbox 517 3779 955 3865">
    <p class='ocr_par' dir='ltr' id='par_1_8' title="bbox 517 3779 955 3865">
     <span class='ocr_line' id='line_1_26' title="bbox 517 3779 955 3865; baseline 0 -20"><span class='ocrx_word' id='word_1_169' title='bbox 517 3780 560 3845; x_wconf 88' lang='lat' dir='ltr'>ad</span> <span class='ocrx_word' id='word_1_170' title='bbox 580 3779 817 3845; x_wconf 89' lang='lat' dir='ltr'>subiectionem</span> <span class='ocrx_word' id='word_1_171' title='bbox 840 3779 955 3865; x_wconf 86' lang='lat' dir='ltr'>coegit.</span> 
     </span>
    </p>
   </div>
   <div class='ocr_carea' id='block_1_9' title="bbox 348 3880 1554 3968">
    <p class='ocr_par' dir='ltr' id='par_1_9' title="bbox 348 3880 1554 3968">
     <span class='ocr_line' id='line_1_27' title="bbox 348 3880 1554 3968; baseline 0.002 -21"><span class='ocrx_word' id='word_1_172' title='bbox 348 3895 504 3960; x_wconf 56' lang='lat' dir='ltr'>scewanc</span> <span class='ocrx_word' id='word_1_173' title='bbox 562 3882 685 3947; x_wconf 88' lang='lat' dir='ltr'>Eodem</span> <span class='ocrx_word' id='word_1_174' title='bbox 707 3886 852 3968; x_wconf 87' lang='lat' dir='ltr'>tempore</span> <span class='ocrx_word' id='word_1_175' title='bbox 874 3888 1005 3947; x_wconf 88' lang='lat' dir='ltr'>sanctus</span> <span class='ocrx_word' id='word_1_176' title='bbox 1028 3880 1231 3948; x_wconf 85' lang='lat' dir='ltr'>Cuthbertus</span> <span class='ocrx_word' id='word_1_177' title='bbox 1265 3882 1415 3948; x_wconf 87' lang='lat' dir='ltr'>Eadredo</span> <span class='ocrx_word' id='word_1_178' title='bbox 1446 3883 1554 3949; x_wconf 86' lang='lat' dir='ltr'>abbati</span> 
     </span>
    </p>
   </div>
   <div class='ocr_carea' id='block_1_10' title="bbox 307 3960 1555 4491">
    <p class='ocr_par' dir='ltr' id='par_1_10' title="bbox 307 3960 1555 4491">
     <span class='ocr_line' id='line_1_28' title="bbox 349 3960 1553 4081; baseline 0 -30"><span class='ocrx_word' id='word_1_179' title='bbox 349 3960 482 4081; x_wconf 42' lang='lat' dir='ltr'>wlff</span> <span class='ocrx_word' id='word_1_180' title='bbox 517 3987 553 4051; x_wconf 90' lang='lat' dir='ltr'>in</span> <span class='ocrx_word' id='word_1_181' title='bbox 575 3986 702 4052; x_wconf 81' lang='lat' dir='ltr'>visione</span> <span class='ocrx_word' id='word_1_182' title='bbox 724 3988 886 4049; x_wconf 85' lang='lat' dir='ltr'>nocturna</span> <span class='ocrx_word' id='word_1_183' title='bbox 908 3984 1064 4049; x_wconf 84' lang='lat' dir='ltr'>assistens</span> <span class='ocrx_word' id='word_1_184' title='bbox 1085 3985 1240 4071; x_wconf 86' lang='lat' dir='ltr'>praecepit</span> <span class='ocrx_word' id='word_1_185' title='bbox 1262 3989 1302 4050; x_wconf 91' lang='lat' dir='ltr'>ut</span> <span class='ocrx_word' id='word_1_186' title='bbox 1324 3984 1447 4053; x_wconf 87' lang='lat' dir='ltr'>diceret</span> <span class='ocrx_word' id='word_1_187' title='bbox 1476 3988 1553 4073; x_wconf 88' lang='lat' dir='ltr'>epis·</span> 
     </span>
     <span class='ocr_line' id='line_1_29' title="bbox 307 4085 1553 4177; baseline -0.001 -23"><span class='ocrx_word' id='word_1_188' title='bbox 307 4135 311 4141; x_wconf 77' lang='lat'><em>-</em></span> <span class='ocrx_word' id='word_1_189' title='bbox 349 4096 486 4147; x_wconf 65' lang='grc'><strong>111881.</strong></span> <span class='ocrx_word' id='word_1_190' title='bbox 517 4111 596 4177; x_wconf 86' lang='lat' dir='ltr'>copo</span> <span class='ocrx_word' id='word_1_191' title='bbox 628 4086 777 4174; x_wconf 84' lang='lat' dir='ltr'>regionis,</span> <span class='ocrx_word' id='word_1_192' title='bbox 801 4086 957 4173; x_wconf 90' lang='lat' dir='ltr'>quatinus</span> <span class='ocrx_word' id='word_1_193' title='bbox 991 4085 1197 4153; x_wconf 79' lang='lat' dir='ltr'>Outhredum</span> <span class='ocrx_word' id='word_1_194' title='bbox 1218 4086 1323 4153; x_wconf 89' lang='lat' dir='ltr'>filium</span> <span class='ocrx_word' id='word_1_195' title='bbox 1355 4087 1553 4167; x_wconf 88' lang='lat' dir='ltr'>Hardccnut,</span> 
     </span>
     <span class='ocr_line' id='line_1_30' title="bbox 349 4176 1555 4291; baseline 0 -35"><span class='ocrx_word' id='word_1_196' title='bbox 349 4176 450 4291; x_wconf 48' lang='grc' dir='ltr'>ἓξὲξ</span> <span class='ocrx_word' id='word_1_197' title='bbox 517 4213 613 4278; x_wconf 92' lang='lat' dir='ltr'>quem</span> <span class='ocrx_word' id='word_1_198' title='bbox 637 4190 726 4255; x_wconf 90' lang='lat' dir='ltr'>Dani</span> <span class='ocrx_word' id='word_1_199' title='bbox 748 4188 878 4255; x_wconf 86' lang='lat' dir='ltr'>cuidam</span> <span class='ocrx_word' id='word_1_200' title='bbox 893 4189 1003 4254; x_wconf 87' lang='lat' dir='ltr'>viduae</span> <span class='ocrx_word' id='word_1_201' title='bbox 1025 4189 1063 4253; x_wconf 92' lang='lat' dir='ltr'>in</span> <span class='ocrx_word' id='word_1_202' title='bbox 1084 4210 1215 4254; x_wconf 91' lang='lat' dir='ltr'>servum</span> <span class='ocrx_word' id='word_1_203' title='bbox 1236 4189 1458 4256; x_wconf 86' lang='lat' dir='ltr'>vendiderunt</span> <span class='ocrx_word' id='word_1_204' title='bbox 1471 4192 1555 4279; x_wconf 89' lang='lat' dir='ltr'>apud</span> 
     </span>
     <span class='ocr_line' id='line_1_31' title="bbox 350 4290 1554 4379; baseline -0.001 -22"><span class='ocrx_word' id='word_1_205' title='bbox 350 4308 504 4358; x_wconf 69' lang='lat' dir='ltr'>amenius·</span> <span class='ocrx_word' id='word_1_206' title='bbox 518 4292 734 4374; x_wconf 86' lang='lat' dir='ltr'>Wintinham,</span> <span class='ocrx_word' id='word_1_207' title='bbox 758 4291 835 4357; x_wconf 85' lang='lat' dir='ltr'>dato</span> <span class='ocrx_word' id='word_1_208' title='bbox 858 4291 965 4377; x_wconf 86' lang='lat' dir='ltr'>pretio</span> <span class='ocrx_word' id='word_1_209' title='bbox 987 4290 1194 4372; x_wconf 78' lang='lat' dir='ltr'>redimemnt,</span> <span class='ocrx_word' id='word_1_210' title='bbox 1217 4292 1479 4379; x_wconf 64' lang='lat' dir='ltr'>et‘redemptum</span> <span class='ocrx_word' id='word_1_211' title='bbox 1492 4292 1554 4358; x_wconf 87' lang='lat' dir='ltr'>sibi</span> 
     </span>
     <span class='ocr_line' id='line_1_32' title="bbox 348 4374 1554 4491; baseline 0.001 -31"><span class='ocrx_word' id='word_1_212' title='bbox 348 4374 465 4491; x_wconf 43' lang='lat' dir='ltr'>{m}</span> <span class='ocrx_word' id='word_1_213' title='bbox 517 4396 554 4460; x_wconf 91' lang='lat' dir='ltr'>in</span> <span class='ocrx_word' id='word_1_214' title='bbox 577 4417 686 4481; x_wconf 86' lang='lat' dir='ltr'>regem</span> <span class='ocrx_word' id='word_1_215' title='bbox 711 4400 964 4481; x_wconf 80' lang='lat' dir='ltr'>promoverent3</span> <span class='ocrx_word' id='word_1_216' title='bbox 988 4415 1051 4480; x_wconf 92' lang='lat' dir='ltr'>quo</span> <span class='ocrx_word' id='word_1_217' title='bbox 1085 4394 1180 4474; x_wconf 81' lang='lat' dir='ltr'>facto,</span> <span class='ocrx_word' id='word_1_218' title='bbox 1204 4416 1291 4460; x_wconf 90' lang='lat' dir='ltr'>anno</span> <span class='ocrx_word' id='word_1_219' title='bbox 1321 4396 1408 4483; x_wconf 83' lang='lat' dir='ltr'>regis</span> <span class='ocrx_word' id='word_1_220' title='bbox 1431 4395 1554 4461; x_wconf 81' lang='lat' dir='ltr'>Allicdi</span> 
     </span>
    </p>
   </div>
   <div class='ocr_carea' id='block_1_11' title="bbox 517 4495 1554 4585">
    <p class='ocr_par' dir='ltr' id='par_1_11' title="bbox 517 4495 1554 4585">
     <span class='ocr_line' id='line_1_33' title="bbox 517 4495 1554 4585; baseline 0.003 -24"><span class='ocrx_word' id='word_1_221' title='bbox 517 4498 586 4562; x_wconf 87' lang='lat' dir='ltr'>sive</span> <span class='ocrx_word' id='word_1_222' title='bbox 617 4495 754 4561; x_wconf 88' lang='lat' dir='ltr'>Aluredi</span> <span class='ocrx_word' id='word_1_223' title='bbox 786 4495 887 4561; x_wconf 87' lang='lat' dir='ltr'>tertio</span> <span class='ocrx_word' id='word_1_224' title='bbox 919 4495 1044 4562; x_wconf 90' lang='lat' dir='ltr'>decimo</span> <span class='ocrx_word' id='word_1_225' title='bbox 1074 4495 1145 4582; x_wconf 92' lang='lat' dir='ltr'>ipso</span> <span class='ocrx_word' id='word_1_226' title='bbox 1177 4497 1213 4560; x_wconf 92' lang='lat' dir='ltr'>in</span> <span class='ocrx_word' id='word_1_227' title='bbox 1250 4518 1360 4585; x_wconf 83' lang='lat' dir='ltr'>regem</span> <span class='ocrx_word' id='word_1_228' title='bbox 1393 4504 1554 4578; x_wconf 83' lang='lat' dir='ltr'>coronato,</span> 
     </span>
    </p>
   </div>
   <div class='ocr_carea' id='block_1_12' title="bbox 515 4704 557 4713">
    <p class='ocr_par' dir='ltr' id='par_1_12' title="bbox 515 4704 557 4713">
     <span class='ocr_line' id='line_1_34' title="bbox 515 4704 557 4713; baseline -0.024 0"><span class='ocrx_word' id='word_1_229' title='bbox 515 4704 557 4713; x_wconf 70' lang='lat'>...-</span> 
     </span>
    </p>
   </div>
   <div class='ocr_carea' id='block_1_13' title="bbox 833 4818 1252 4885">
    <p class='ocr_par' dir='ltr' id='par_1_13' title="bbox 833 4818 1252 4885">
     <span class='ocr_line' id='line_1_35' title="bbox 833 4818 1252 4885; baseline 0.005 -17"><span class='ocrx_word' id='word_1_230' title='bbox 833 4818 840 4848; x_wconf 84' lang='lat'>¹</span> <span class='ocrx_word' id='word_1_231' title='bbox 854 4818 905 4869; x_wconf 76' lang='lat' dir='ltr'>na</span> <span class='ocrx_word' id='word_1_232' title='bbox 916 4818 963 4885; x_wconf 74' lang='lat' dir='ltr'>aa]</span> <span class='ocrx_word' id='word_1_233' title='bbox 976 4818 1080 4879; x_wconf 69' lang='lat' dir='ltr'>meat,</span> <span class='ocrx_word' id='word_1_234' title='bbox 1090 4818 1131 4870; x_wconf 73' lang='lat' dir='ltr'>aa</span> <span class='ocrx_word' id='word_1_235' title='bbox 1142 4825 1186 4879; x_wconf 71' lang='lat' dir='ltr'>aa,</span> <span class='ocrx_word' id='word_1_236' title='bbox 1195 4818 1252 4871; x_wconf 82' lang='lat' dir='ltr'>us</span> 
     </span>
    </p>
   </div>
   <div class='ocr_carea' id='block_1_14' title="bbox 0 0 1788 5799">
    <p class='ocr_par' dir='ltr' id='par_1_14' title="bbox 0 0 1788 5799">
     <span class='ocr_line' id='line_1_36' title="bbox 0 0 1788 5799; baseline 0 0"><span class='ocrx_word' id='word_1_237' title='bbox 0 0 1788 5799; x_wconf 95' lang='lat' dir='ltr'> </span> 
     </span>
    </p>
   </div>
  </div>
 </body>
</html>
