3567 5800
489 789 532 854 96
757 804 822 854 nro.
846 805 894 854 or
916 806 1049 856 crasso.
1073 807 1162 856 senc.
1186 807 1271 856 sier.

487 991 638 1053 sanctum
670 989 885 1055 Dunstannm
914 989 1015 1056 fuisse
1044 993 1246 1068 renovatam,
1280 990 1388 1077 placet
1417 996 1541 1058 cartem

487 1089 568 1153 dieti
599 1090 686 1176 regis
719 1092 845 1178 Edgarr'
881 1094 918 1157 et
954 1097 1079 1158 cartam
1117 1092 1199 1158 dicti
1233 1093 1341 1158 sancti
1374 1092 1542 1160 Dunstani

486 1187 564 1255 huic
585 1192 676 1278 operi
697 1199 867 1274 annotare,
889 1198 930 1260 ut
959 1193 1146 1281 legentibus
1172 1193 1292 1259 clarius
1315 1193 1482 1274 elucescat,
1506 1196 1540 1260 in

488 1297 615 1377 quanta
628 1296 846 1361 'veneratione
868 1300 903 1360 et
933 1295 1106 1362 dilectione
1129 1301 1199 1362 tam
1224 1295 1332 1362 dictus
1354 1318 1414 1362 rex
1440 1319 1541 1384 quam

486 1397 719 1464 memorandus
741 1397 936 1463 Dunstanus
962 1399 1100 1465 eandem
1123 1398 1346 1466 venerabilem
1373 1399 1541 1465 ecclesiam

486 1497 593 1563 sancti
630 1498 723 1566 Petri
760 1497 1047 1567 westmonasterii
1085 1502 1154 1566 suis
1190 1500 1395 1588 temporibus
1436 1501 1543 1567 habu·

486 1605 592 1666 erunt

547 1897 668 1966 Gssrs
690 1900 830 1966 Eneaar
853 1899 964 1968 Rsurs
987 1915 1244 1968 onomcs1ss1u1
1267 1899 1477 1970 Anonosmr.

318 2124 467 2178 maceror
533 2101 771 2170 “'Rnsrrsurn
801 2106 946 2172 Domino
976 2111 1088 2174 nostro
1126 2105 1208 2172 Jesu
1240 2105 1372 2172 Christo
1402 2107 1438 2170 in
1468 2125 1543 2192 per-

316 2192 446 2310 }{ffi
487 2209 635 2288 petuam.
692 2207 808 2273 Amen.
863 2207 936 2296 ligo
959 2209 1110 2296 Edgarus
1133 2207 1197 2274 Dei
1223 2209 1333 2294 gratia
1354 2207 1539 2294 Auglorum

318 2325 456 2376 Wetmin·
487 2327 547 2370 rex
576 2308 728 2374 omnibus
759 2311 928 2398 episcopis,
951 2311 1135 2389 abbatibus,
1159 2310 1347 2389 comitibus,
1368 2309 1542 2376 vicecomi-

316 2392 474 2460 ’ΝΛΜ
487 2407 588 2493 tibus,
609 2412 813 2493 centenariis,
837 2413 1019 2499 ceterisque
1045 2412 1221 2501 agentibus
1242 2413 1375 2492 nostris,
1397 2433 1538 2499 praesen-

485 2509 577 2578 tibus
599 2512 723 2580 scilicet
744 2517 780 2579 ct
800 2513 932 2595 futuris,
954 2515 1104 2581 salutem.

530 2613 706 2701 “Dignum
720 2619 756 2680 et
770 2616 970 2682 conveniens
985 2621 1036 2684 est
1050 2617 1233 2684 clernentiae
1255 2615 1429 2704 principali
1451 2613 1541 2680 inter

485 2719 608 2782 ceteras
629 2717 777 2784 actiones
798 2719 884 2783 illud
908 2719 996 2805 quod
1019 2719 1060 2784 ad
1084 2719 1226 2788 salutem
1241 2719 1361 2784 animae
1383 2717 1538 2805 pertinet,

484 2819 574 2903 quod
602 2841 662 2908 pro
685 2819 811 2887 Divino
840 2842 951 2888 amore
981 2821 1176 2911 postulatur,
1203 2821 1259 2910 pio
1289 2821 1408 2887 auditu
1437 2817 1540 2884 susci-

484 2941 562 3007 pere
592 2927 628 2988 et
657 2924 805 2990 studiose
825 2925 871 2989 ad
900 2924 1054 2990 effectum
1084 2924 1279 3012 perducere3
1309 2924 1467 3010 quatinus
1497 2921 1538 2987 de

484 3022 615 3091 miuus
652 3025 751 3092 rebus
787 3026 961 3114 praesentis
999 3028 1120 3107 saeculi,
1153 3049 1227 3115 quae
1264 3048 1434 3113 nunquam
1467 3024 1538 3089 sinc

484 3123 736 3213 inquinamento
751 3132 786 3195 et
807 3151 957 3195 aerumna
974 3129 1190 3216 possidentur,
1206 3134 1413 3215 pennatorum
1430 3146 1540 3192 emen·

484 3228 577 3295 datio
622 3235 657 3296 et
700 3231 782 3297 vitre
826 3236 963 3297 aeternee
1000 3230 1159 3297 securitas
1195 3230 1404 3317 adquiratur,
1441 3228 1538 3293 iuxta

483 3338 686 3419 praeceptum
708 3333 845 3399 Domini
867 3330 1048 3399 dicentis¹:
1081 3339 1099 3369 “
1115 3332 1203 3397 Date
1225 3332 1475 3417 eleemosynam,
1503 3334 1538 3394 et

484 3434 595 3499 omnia
616 3434 742 3501 munda
763 3439 842 3500 sunt
865 3432 987 3501 vobis.'’
1042 3432 1131 3522 Ergo
1154 3433 1264 3502 dando
1288 3431 1537 3518 eleemosynam,

484 3533 582 3600 iuxta
614 3535 676 3601 hoe
708 3536 813 3623 ipsius
846 3536 983 3614 dictum,
1008 3541 1139 3623 oportet
1169 3558 1229 3603 nos
1259 3534 1395 3601 mercari
1425 3554 1538 3621 pecca·

484 3639 597 3701 torum
636 3643 824 3705 nostronrm
868 3638 1143 3718 emendationem,
1187 3644 1227 3704 ut
1272 3638 1350 3703 dum
1396 3636 1538 3703 ecclesiis

485 3736 611 3804 Christi
632 3739 841 3827 impertimur
854 3762 1000 3827 congrua
1012 3739 1172 3806 beneficia
1194 3744 1228 3807 et
1249 3740 1354 3805 iustas
1376 3738 1537 3805 bonorum

484 3841 632 3907 virorum
669 3842 844 3929 petitiones
881 3842 1055 3909 efficaciter
1099 3841 1261 3922 andimus,
1303 3841 1537 3907 retributorem

485 3943 594 4010 Deum
625 3966 668 4010 ex
698 3944 760 4009 boc
796 3944 917 4011 babere
954 3965 1146 4011 mereamur.
1209 3944 1328 4031 Igitur,
1362 3948 1538 4029 postquam

485 4045 573 4113 donc
596 4046 660 4113 Dei
683 4051 718 4113 et
740 4052 879 4133 paterna
901 4048 1101 4113 successione
1124 4046 1164 4113 in
1188 4067 1327 4133 regnum
1350 4044 1538 4133 Angiorum

487 4148 728 4216 memonizatm
750 4152 785 4216 et
806 4150 1019 4217 confirmatus
1040 4148 1098 4225 fui,
1123 4146 1182 4213 ubi
1211 4148 1282 4214 vidi
1303 4146 1451 4213 ccclesias
1475 4146 1538 4210 Dei

486 4256 556 4316 tam
593 4252 734 4338 peccetis
772 4250 983 4337 exigentibus
1020 4272 1119 4337 quam
1157 4248 1278 4315 crebris
1322 4248 1538 4315 barbarorum
1742 4308 1743 4337 ,

486 4353 724 4441 irruptionibus
754 4354 890 4434 dirutas,
914 4358 949 4418 et
971 4352 1115 4418 maxime
1141 4355 1288 4418 sanctam
1319 4355 1354 4417 et
1383 4350 1540 4437 apostoli·
1742 4358 1743 4433 t

923 4560 937 4565 ..
950 4560 1054 4565 —---
1082 4558 1148 4565 ψ.
1158 4556 1421 4565 -—-—-——--——-—-

870 4684 876 4713 ¹
888 4682 926 4735 st.
939 4682 1011 4733 Lake
1023 4680 1058 4731 xi.
1070 4686 1111 4733 ⁴1.
