3567 5800
476 911 547 975 xlvi
920 920 1081 974 raasson.

307 1123 430 1188 halym
476 1101 565 1156 urbes
594 1099 740 1171 Menapia,
772 1105 802 1156 et
836 1100 979 1172 primaria
1027 1098 1084 1154 and
1103 1097 1288 1152 Luentinnm.
1327 1095 1531 1168 Oetopimum

306 1189 336 1239 of
343 1191 386 1242 the

476 1183 677 1238 Moridunum.
716 1183 890 1239 Levantium
908 1183 979 1240 verb
1026 1183 1052 1239 is
1077 1183 1128 1238 the
1150 1199 1235 1237 name
1265 1181 1297 1235 in
1320 1179 1397 1235 Ptol.
1422 1181 1463 1235 xii
1498 1181 1528 1236 b.

308 1254 426 1312 Desitu.
476 1266 534 1323 sibi
545 1265 737 1322 habitandum
748 1267 978 1324 vendieavereut
1026 1267 1162 1322 Bertram
1185 1264 1296 1320 follows
1320 1263 1438 1329 Bastar,
1465 1263 1527 1327 186,

476 1350 608 1406 Romani.
623 1351 703 1405 ultre
720 1351 773 1406 hoe
795 1355 825 1406 et
845 1352 978 1407 Silurum
1026 1350 1102 1406 Oeno
1119 1362 1271 1405 munem
1296 1347 1528 1403 Paonorvuoniuu

474 1435 616 1490 terminos
643 1433 693 1490 siti
711 1434 880 1500 Ordovices,
908 1453 979 1506 quo·
1029 1475 1035 1488 .
1077 1475 1084 1488 .
1124 1475 1130 1488 .
1171 1474 1178 1490 .
1216 1471 1225 1488 ,.
1268 1432 1528 1487 ltainPtolemaeo

473 1535 541 1572 rum
587 1518 675 1573 urbes
710 1518 912 1573 Mediolanum
949 1522 983 1574 et
1025 1516 1202 1588 legendum
1237 1515 1419 1588 oacrum
1448 1516 1527 1570 enim

474 1602 722 1674 Brannogenium.
791 1601 917 1658 Sabrina
946 1602 976 1658 in
1025 1600 1129 1656 vitiose
1141 1601 1253 1672 legitur
1264 1619 1318 1671 pro
1331 1605 1411 1653 ὀκτὼ
1424 1607 1525 1667 περῶν.

472 1686 620 1742 montibus
634 1685 755 1741 illorum
772 1685 897 1741 oriunda
917 1701 977 1740 ma·
1026 1681 1165 1749 Oamden,
1191 1683 1265 1739 512:
1303 1683 1386 1739 Adeo
1407 1683 1528 1738 veroin

470 1768 585 1839 joribus
602 1769 697 1825 tribus
710 1769 865 1825 Brittania
877 1769 976 1825 fluviis
1024 1784 1160 1822 occasum
1181 1766 1236 1820 hoo
1259 1785 1291 1822 se
1313 1767 1448 1822 immittit
1459 1784 1526 1838 pro·

472 1853 578 1909 meritb
590 1862 773 1919 accensetur,
784 1855 883 1910 addito
896 1871 976 1910 nem·
1024 1851 1210 1914 montorium,
1232 1855 1266 1906 ut
1287 1851 1360 1906 sudo
1382 1852 1453 1906 oaelo
1472 1851 1527 1906 Hi·

472 1952 510 2006 pe
534 1936 673 1993 Themesi
697 1943 727 1992 et
750 1937 839 1993 Tevo.
878 1937 976 1992 elucet
1023 1935 1312 2000 berniemoetendat,
1326 1939 1357 1991 et
1375 1935 1443 1992 binc
1461 1935 1528 1990 bre-

472 2021 618 2089 imprimis
648 2021 679 2074 in
708 2021 833 2075 historia
868 2037 975 2076 nomen
1023 2018 1163 2075 vissimus
1205 2018 1245 2074 sit
1281 2019 1313 2074 in
1351 2019 1528 2074 Hiberniam

472 2101 651 2157 Ordovicum
671 2102 708 2156 ob
726 2108 853 2158 sumtum
875 2104 912 2158 de
931 2104 975 2158 in·
1022 2102 1173 2166 traiectus,
1187 2119 1275 2173 quem
1288 2102 1402 2160 Plinius
1418 2102 1470 2172 [H.
1484 2102 1524 2158 N.

472 2185 631 2240 olntissimi
650 2186 782 2256 ipsorum
794 2185 888 2257 Regis
907 2205 974 2258 oap·
1022 2186 1062 2258 iv.
1096 2189 1111 2255 §
1139 2183 1203 2256 103]
1228 2184 1246 2240 b
1276 2185 1409 2242 Silurum
1438 2189 1527 2256 gente

470 2268 588 2324 tivitate
610 2268 781 2325 vindictam.
799 2270 870 2326 hino
895 2271 973 2328 enim
1021 2262 1148 2338 (Silures
1174 2268 1252 2324 enim
1282 2269 1341 2325 huc
1365 2269 1523 2341 pertigisse

471 2352 559 2407 toties
588 2351 742 2409 redactum
765 2354 796 2408 in
819 2355 973 2426 angustias
1021 2353 1211 2424 existimavit)
1242 2371 1310 2408 xxx.
1341 2354 1416 2410 mill.
1442 2371 1522 2424 pass.

471 2437 632 2490 exercitum
679 2436 877 2493 Romanorum
912 2443 973 2494 tem
1020 2436 1293 2494 falsbmensuravit.
1308 2437 1522 2508 ForMeuapia,

471 2519 579 2575 misere
589 2525 742 2586 vexarunt,
757 2528 792 2576 ut
803 2521 840 2577 de
852 2521 973 2578 illorum
1021 2521 1241 2578 eeeBertrem'e
1251 2521 1314 2578 Iter
1327 2522 1365 2578 xi.
1381 2520 1523 2585 Osmden‚

471 2601 532 2658 iere
561 2604 685 2675 imperio
709 2604 742 2658 in
772 2605 826 2660 hae
850 2605 974 2677 regione
1022 2603 1092 2662 504:
1123 2605 1300 2662 Ptolemaeus
1327 2603 1523 2668 vavvn,

470 2692 568 2743 ectum
580 2689 735 2755 luissetni
746 2689 777 2744 in
785 2690 973 2747 tantoeoledia
1022 2687 1187 2745 Antoninus
1199 2688 1387 2745 Muamuaurs
1399 2687 1473 2743 dixit
1487 2727 1493 2742 .
1517 2727 1522 2739 .

469 2771 631 2827 vindictam
662 2779 765 2843 postea
800 2775 975 2830 smrexisset
1022 2771 1176 2828 Urbshaeo
1189 2777 1235 2828 est
1254 2771 1345 2828 totius
1364 2775 1524 2828 conventus

470 2852 539 2909 Dux
567 2853 718 2927 Agricola,
748 2857 808 2928 qui,
837 2859 975 2915 victricia
1022 2856 1171 2927 primaria.
1191 2856 1288 2913 There
1299 2856 1326 2913 ie
1335 2873 1372 2913 no
1385 2855 1526 2913 evidence

470 2938 680 2995 circumferens
692 2956 783 3008 arma,
797 2948 889 2999 totam
902 2960 972 3014 quo·
1023 2939 1070 2995 for
1082 2938 1160 2995 vvbat
1178 2940 1205 2995 is
1227 2938 1291 2995 said
1303 2939 1336 2996 of
1351 2938 1527 2995 Loventinm

471 3038 528 3093 que
551 3023 627 3078 hanc
651 3030 771 3097 gentem
789 3026 970 3099 subjugavit,
1025 3022 1069 3091 (as
1081 3022 1212 3079 Oamden
1224 3022 1342 3088 relisit,
1356 3020 1430 3090 505).
1469 3022 1528 3078 For

468 3106 685 3179 maximamque
696 3114 811 3181 purtem
830 3110 912 3167 ferro
924 3111 973 3168 de·
1024 3106 1226 3164 Mediolanum
1274 3126 1323 3164 see
1365 3107 1527 3163 Bortrum’s

468 3189 551 3248 levit.
1025 3192 1138 3249 Itinera
1156 3194 1187 3249 ii.
1209 3193 1266 3251 and
1291 3212 1319 3250 x.
1375 3194 1452 3249 Ptol.
1477 3194 1527 3251 xiv

1023 3277 1052 3333 b.
1084 3294 1185 3334 names
1220 3276 1432 3335 Mediolanium
1470 3276 1528 3333 and

1024 3361 1263 3433 Brannogeninm
1275 3380 1307 3419 es
1324 3366 1415 3419 tovvns
1429 3360 1462 3417 ol
1475 3362 1526 3417 the

1024 3443 1193 3502 Ordovices.
1224 3446 1283 3501 For
1294 3446 1372 3503 what
1383 3446 1409 3501 is
1421 3445 1487 3501 said
1497 3446 1531 3501 of

1022 3528 1072 3583 the
1095 3528 1255 3585 Ordovices
1285 3530 1344 3585 end
1373 3528 1525 3601 Agricola,

1023 3625 1073 3665 see
1086 3609 1180 3665 Tacit.
1195 3608 1297 3680 Agric.
1316 3612 1357 3667 18.

504 3725 529 3781 Ι.
541 3727 651 3797 6‚§25.
688 3728 970 3802 Huoquoquerefe·
1057 3729 1120 3785 The
1152 3727 1246 3800 Oangi
1284 3730 1316 3784 in
1346 3732 1413 3787 Tac.
1447 3734 1523 3788 Ann.

465 3809 590 3867 rendum
614 3811 698 3877 illud,
722 3813 800 3883 quod
819 3812 836 3869 b
856 3820 969 3886 septen·
1023 3811 1073 3867 xii.
1106 3812 1158 3868 32:
1210 3813 1315 3869 ductus
1357 3815 1426 3872 inde
1468 3814 1525 3888 [in]

465 3894 560 3949 trione
591 3894 770 3952 Ordovicum
800 3898 900 3965 eitum,
933 3900 969 3955 ab
996 3905 998 3942 Ι
1023 3897 1139 3971 Oangoe
1162 3898 1315 3956 exercituo.
1336 3902 1443 3956 vastati
1460 3901 1525 3973 agri

465 3977 582 4035 Oceano
612 3980 745 4047 alluitur,
773 3983 967 4050 territorium,
996 3957 998 4023 1
1025 4024 1218 4040 .....
1273 3983 1524 4055 iemqueventum

466 4062 665 4119 camillorum
684 4062 824 4137 regimini
839 4066 971 4138 eliquen-
1021 4066 1101 4124 baud
1113 4069 1215 4139 procul
1232 4070 1308 4124 mari
1328 4067 1405 4139 quod
1418 4066 1526 4123 Hiber-

465 4148 517 4206 diu
559 4150 650 4207 fuerit
702 4151 876 4224 subjectum,
915 4152 970 4211 hoc
1022 4152 1100 4208 niam
1131 4152 1258 4209 insulam
1289 4156 1429 4224 aspectat.
1477 4150 1522 4207 (11.

465 4240 545 4291 oerto
557 4242 680 4305 constat,
695 4238 772 4309 quod
791 4238 875 4294 illum
895 4238 970 4295 Oan-
1023 4234 1162 4303 camden,
1177 4236 1240 4301 168,
1254 4236 1320 4292 who
1332 4236 1431 4308 places
1443 4236 1525 4291 them

464 4320 546 4389 glani
570 4324 718 4391 quondam
740 4322 970 4379 inhabitaverint
1021 4318 1052 4373 in
1066 4319 1305 4376 Somersetsbire.
1343 4320 1401 4375 For
1415 4318 1525 4389 Segon-

463 4405 600 4468 tvaotnm,
633 4422 758 4476 quorum
788 4409 859 4464 urbs
882 4409 970 4464 unica
1021 4403 1096 4458 tium
1119 4421 1168 4459 aee
1189 4403 1350 4460 Bertram’e
1372 4402 1485 4457 Itinere
1501 4403 1522 4456 i.

464 4482 647 4555 Segontium,
670 4494 872 4560 promuntorio
893 4491 968 4547 oan-
1021 4485 1078 4541 stnd
1089 4488 1132 4551 ii„
1147 4488 1204 4543 and
1226 4488 1369 4553 Gamdem
1383 4485 1446 4552 534·
1460 4484 1523 4541 535·

463 4586 540 4641 gano
557 4570 663 4626 vicina.
683 4573 795 4631 incluta
817 4576 881 4632 haec
905 4580 969 4631 erat
1020 4568 1082 4624 The
1103 4576 1294 4641 p1'0m0nt017
1319 4572 1351 4625 of
1374 4570 1425 4625 tho
1450 4568 1524 4625 ΟΜ·

462 4651 664 4718 civitae‚freto
673 4654 968 4725 Meneviaco,contra
1020 4654 1087 4725 geni
1138 4654 1163 4709 is
1200 4656 1232 4709 in
1292 4654 1368 4710 Ptol.
1411 4654 1452 4708 xii
1494 4653 1522 4707 b.

461 4732 590 4803 Monam,
608 4738 864 4813 religiosissimam
886 4744 967 4799 insu·
993 4773 995 4832 Β
1020 4735 1159 4803 (lmen,
1174 4738 1236 4804 534,
1250 4738 1353 4795 1118168
1366 4738 1392 4793 ii
1410 4737 1522 4808 0⁸³8*

461 4820 530 4887 lam,
555 4818 608 4876 nbi
632 4822 702 4877 olim
726 4821 854 4880 Druides
884 4827 966 4883 habi·
1017 4838 1098 4877 num.
1148 4820 1210 4878 The
1234 4822 1344 4878 fretum
1374 4820 1522 4878 Menevie-
