3567 5800
429 908 476 956 on
496 906 615 957 enarre
637 906 759 958 anona
780 906 980 959 anon-411.
1005 898 1055 961 33.
1210 892 1273 961 179

222 1092 370 1159 manniae
419 1092 576 1160 ducatum
619 1098 774 1181 potenter
826 1099 968 1175 mxerat,
1014 1092 1270 1162 iherosolimam
1283 1108 1419 1160 nouenos

222 1194 334 1279 gratia
356 1195 632 1283 peregrinationis
657 1196 777 1263 devote
805 1196 934 1286 petivit.
992 1196 1142 1284 Reliquit
1162 1197 1269 1262 filium
1281 1176 1429 1293 ffiffldy

220 1301 336 1362 autem
371 1302 562 1385 septennem
598 1320 642 1365 ex
681 1299 829 1367 Herlena
856 1300 1038 1367 concubina
1071 1306 1268 1387 susceptum,
1281 1309 1429 1375 pugrnnage

221 1399 316 1464 cuius
334 1401 575 1487 speciositatem
589 1402 626 1467 in
647 1402 766 1469 chorea
785 1401 941 1469 enuntia
963 1422 1042 1469 casu
1057 1404 1267 1490 conspiciens,
1281 1376 1421 1494 papiense-

220 1506 319 1566 nocte
351 1502 411 1567 illa
438 1504 615 1570 carnaliter
651 1526 723 1571 eam
750 1505 916 1593 cognovit.
978 1505 1087 1587 Quem
1116 1506 1269 1593 deinceps

219 1602 318 1669 unice
340 1602 490 1692 diligens,
513 1608 626 1673 uxoris
653 1608 725 1674 loco
746 1630 819 1673 eam
844 1606 1051 1694 aliquamdiu
1077 1608 1250 1675 adamavit
1262 1634 1271 1691 ;

220 1726 305 1792 puer
337 1708 497 1794 siquidem
520 1732 563 1775 ex
596 1731 637 1776 ea
658 1717 759 1776 natus
781 1710 968 1777 Wiilelmus
995 1716 1046 1776 cst
1075 1712 1270 1799 appeliatus.

219 1810 289 1889 Qui
311 1811 652 1897 quidem·Willelmus
676 1818 791 1900 postea
812 1814 933 1879 bellica
958 1814 1085 1880 virtute
1112 1812 1268 1899 Angliam
1283 1822 1386 1903 Hieron

219 1913 441 1999 conquisivit:
465 1915 507 1979 de
520 1934 587 2002 quo
607 1916 645 1982 in
658 1915 872 2003 sequentibus
892 1936 952 1982 suo
974 1915 1012 1981 in
1026 1916 1097 1981 loco
1118 1916 1269 1983 latiorem
1282 1890 1401 1941 Wfflffl‘

218 2016 497 2103 pertractabimus
527 2018 712 2099 materiam,
744 2022 846 2107 prout
874 2018 957 2086 ordo
987 2016 1136 2087 historica
1165 2018 1270 2106 exigit

219 2121 256 2182 et
278 2117 428 2205 requirit.

1313 2320 1347 2353 ο.

221 2429 473 2498 commeans.
529 2431 628 2516 Quod
647 2432 759 2501 Ouiae
779 2454 840 2502 rao
861 2434 1062 2521 napinam
1083 2434 1269 2505 Demeae
1281 2371 1439 2501 diffie.

287 2540 318 2599 ct
338 2533 619 2621 Ncruocpcuaium
638 2535 787 2603 Roman
805 2558 944 2625 peccora
961 2536 1132 2626 profectus
1155 2544 1209 2607 cat.
1282 2506 1415 2623 irim&

1281 2639 1350 2689 Μ).
1363 2642 1433 2689 1031.

265 2748 347 2813 Isun
377 2770 437 2813 rex
458 2750 500 2815 de
521 2771 586 2835 quo
618 2749 655 2815 in
685 2749 823 2815 historia
845 2753 960 2815 nostra
981 2771 1069 2815 nunc
1091 2750 1132 2815 fit
1154 2771 1267 2829 sermo,
1281 2756 1440 2806 Kannaanc

219 2870 320 2937 quem
355 2850 541 2918 Gnutonem
574 2852 694 2940 eaepiue
727 2852 980 2934 nominavimus,
1011 2852 1178 2918 binomius
1212 2876 1267 2919 ex·
1281 2824 1350 2942 322¹}
1361 2824 1403 2872 ⁰¹⁰

217 2955 303 3020 titit
365 2953 454 3020 Nam
491 2955 669 3021 secundum
706 2955 875 3021 chronicas
913 2956 1048 3044 quidam
1086 2955 1269 3034 Knnutum,
1282 2973 1379 3024 person.

218 3057 356 3144 quidam
378 3076 457 3122 vero
480 3056 668 3124 Onntonem
700 3041 769 3124 suia
800 3059 838 3123 in
867 3057 999 3145 scriptis
1023 3079 1099 3123 eum
1121 3059 1271 3124 nomina-

218 3164 307 3225 runt.
331 3223 335 3231 ,
354 3158 464 3239 Quare
485 3159 600 3226 videat
620 3159 731 3242 lector,
755 3181 831 3226 cum
853 3161 1028 3225 Kanutum
1049 3161 1120 3225 sive
1147 3161 1271 3227 Ouum-

218 3283 297 3328 nem
318 3261 501 3349 inspexerit
522 3263 654 3328 recitari
675 3262 713 3328 in
734 3262 906 3343 chronicis,
928 3267 1010 3329 tunc
1032 3283 1138 3329 sermo
1161 3263 1273 3350 agitur

219 3365 263 3430 de
284 3387 354 3430 una
386 3369 422 3432 et
452 3365 567 3432 eadem
589 3385 737 3453 persona,
770 3366 850 3454 qnia
877 3385 966 3433 unus
989 3369 1024 3432 ct
1046 3365 1135 3432 idem
1159 3366 1270 3434 Onuto

220 3471 256 3534 et
278 3467 444 3535 Kanutus.
1284 3549 1289 3556 ἱ

266 3571 366 3636 Anno
396 3571 502 3658 igitur
521 3570 616 3658 regni
648 3569 700 3636 sui
723 3569 969 3657 quintodecimo
991 3593 1052 3636 rex
1074 3571 1268 3659 magnificus
1281 3574 1369 3656 pnut’s

220 3673 407 3761 Anglornm
430 3669 601 3739 Danorum
624 3678 659 3739 ct
681 3673 956 3760 Norwegensium
980 3672 1091 3740 Cnuto
1114 3675 1184 3741 sive
1200 3675 1268 3740 Ka
1277 3650 1419 3768 fflgyw

219 3780 323 3841 nutus
346 3775 387 3840 de
410 3794 476 3862 quo
507 3798 596 3842 nunc
618 3797 725 3843 senno
747 3777 860 3864 am'tur
881 3799 956 3842 cum
978 3777 1101 3843 honore
1122 3778 1270 3844 maximo
1283 3791 1384 3840 mreg.
1401 3779 1440 3824 ¹⁵·

221 3879 364 3945 Romam
393 3879 559 3966 proiectus
589 3883 650 3961 est,
685 3880 900 3968 ingentiaque
924 3880 1010 3946 dona
1033 3885 1145 3948 sencio
1169 3881 1272 3947 Petro

221 3981 444 4069 apostolorum
466 3982 608 4070 principi
629 3983 667 4049 in
689 4005 770 4048 auro
793 3988 828 4050 et
850 3987 998 4071 argento,
1022 3983 1141 4071 pannis
1163 3983 1273 4050 seticis

220 4091 257 4152 et
287 4087 455 4173 lapidibus
476 4087 631 4176 pretiosis
664 4087 807 4175 optulit3
846 4090 881 4154 et
904 4098 925 4153 'a
946 4106 1034 4175 papa
1055 4087 1079 4152 J
1081 4089 1210 4154 ohanne
1232 4093 1272 4152 ut

219 4188 333 4255 schola
369 4189 554 4277 Anglorum
591 4211 613 4256 c
647 4191 778 4258 tributo
815 4193 900 4256 esset
936 4189 1041 4256 libera
1071 4191 1273 4278 impetravit.

220 4293 265 4358 In
287 4293 395 4358 eundo
418 4296 453 4360 et
483 4293 653 4360 redeundo
683 4291 792 4380 largas
825 4291 1025 4380 pauperibus
1052 4292 1273 4379 eleemosynas

220 4394 386 4482 erogabat.
444 4395 512 4463 Hic
532 4393 656 4463 multas
677 4395 714 4462 in
735 4396 855 4462 itinere
877 4395 1044 4460 clausurae
1066 4395 1125 4461 ubi
1148 4396 1272 4461 telonia

220 4521 242 4562 a
262 4497 444 4586 peregrinis
467 4499 753 4586 extorquebantur
773 4498 904 4587 ingenti
921 4497 1001 4564 dato
1016 4499 1124 4585 pretio
1139 4497 1271 4564 delevit.

218 4601 314 4666 Ante
346 4601 532 4688 sepulcrum
563 4624 693 4689 quoque
723 4602 951 4688 apostolorum
982 4601 1141 4688 principie
1179 4601 1272 4667 Petri

218 4701 294 4769 Deo
316 4725 385 4770 suae
406 4705 489 4771 viiae
511 4724 704 4792 morumque
727 4704 991 4771 emendationem
1013 4704 1161 4786 devovit,
1187 4705 1274 4773 sicut

217 4806 258 4871 in
279 4807 427 4893 epistola,
450 4828 551 4893 quam
571 4829 594 4873 a
614 4806 723 4876 Rome
743 4807 873 4877 radiens
893 4829 952 4896 per
968 4801 1148 4896 Livingum
1162 4808 1272 4876 virum

1119 4914 1183 4975 nrt
