3567 5800
266 1034 391 1103 Analyais

268 1103 347 1154 ottho
360 1100 401 1154 De

272 1170 337 1221 Sia«.

440 842 478 910 xl
886 860 1054 911 raasson.

993 1047 1030 1085 ex
1051 1030 1219 1088 civitatibus
1239 1048 1274 1087 eo
1291 1036 1495 1103 pervenerunt,

992 1119 1022 1168 et
1032 1114 1110 1170 bollo
1131 1115 1215 1171 illato
1233 1116 1274 1170 ibi
1292 1123 1496 1173 remanserant

990 1204 1079 1269 atque
1103 1216 1191 1271 agros
1215 1199 1309 1254 colere
1333 1205 1492 1272 cooperunt.

991 1281 1086 1336 'Pharo
1098 1299 1194 1338 seems
1206 1288 1237 1337 to
1246 1281 1283 1337 be
1295 1299 1333 1337 no
1345 1283 1493 1355 authority

991 1368 1036 1423 lor
1062 1368 1184 1441 making
1213 1369 1263 1425 tho
1287 1370 1392 1441 Belgae
1415 1370 1495 1425 Allo-

990 1454 1105 1525 broges.
1135 1454 1223 1510 Mark
1235 1455 1285 1511 the
1297 1456 1495 1528 helplesaness

990 1538 1023 1592 ol
1049 1538 1210 1595 Bertram’s
1241 1540 1317 1611 stylo
1351 1541 1412 1612 (ay.
1444 1540 1495 1595 the

990 1626 1092 1685 artem,
1106 1621 1164 1677 and
1185 1622 1235 1677 the
1257 1622 1385 1693 pendent
1403 1624 1495 1679 nomi·

989 1705 1112 1769 nativos,
1139 1706 1196 1760 and
1226 1705 1277 1761 the
1307 1711 1428 1776 strange
1452 1705 1494 1761 M.

993 1786 1185 1858 [Magnusl])

472 1884 498 1937 I.
514 1884 540 1948 6,
555 1884 570 1951 ς
584 1883 627 1937 13.
667 1878 775 1936 Omnes
794 1879 940 1950 regiones,
1025 1882 1073 1937 No
1103 1882 1253 1953 authority
1279 1884 1326 1938 for
1356 1883 1396 1938 all
1426 1884 1495 1949 this,

438 1985 503 2038 quae
511 1964 767 2029 'Phaine-simeram
776 1962 939 2025 meridiem,
987 1973 1093 2038 except
1114 1966 1250 2036 Geoffrey
1271 1967 1304 2020 cf
1321 1965 1494 2022 Monmouth

436 2049 577 2119 adjacent,
621 2048 701 2110 olim,
748 2046 793 2100 nti
842 2052 942 2100 vetera
988 2050 1041 2116 (iii.
1065 2049 1140 2117 1-9),
1161 2050 1226 2105 who
1249 2049 1351 2105 makes
1375 2051 1494 2105 “Bren-

436 2136 624 2188 monnmenic
642 2129 800 2195 declarant,
822 2128 940 2183 thelli·
962 2153 964 2180 l
988 2134 1054 2187 nius
1065 2132 1082 2154 '⁹
1096 2151 1114 2187 a
1125 2134 1225 2188 native
1244 2133 1277 2187 of
1292 2133 1426 2199 Britain
1445 2151 1493 2189 see

436 2233 504 2271 cosa
529 2214 677 2270 Senonum
708 2219 796 2283 gente
821 2213 941 2268 luerunt
962 2195 965 2342 j
988 2217 1124 2271 Bsrtram
1137 2216 1169 2270 ii.
1184 2217 1210 2283 1,
1227 2219 1259 2287 §t
1273 2216 1301 2280 8,
1315 2216 1342 2272 9.

437 2308 601 2374 occupatam
629 2302 689 2373 qui,
716 2302 770 2356 snb
795 2299 884 2355 ductu
911 2308 941 2356 et

437 2386 567 2459 auspicio
591 2386 821 2441 decantatissinri
847 2384 940 2455 Regis

435 2470 556 2534 Brenni,
565 2468 722 2541 peragrati
731 2467 854 2524 Gallie.
889 2509 896 2523 .
931 2509 937 2521 .

437 2554 560 2609 Romam
593 2595 599 2609 .
639 2594 646 2609 .
686 2595 692 2609 .
733 2593 740 2608 .
773 2553 831 2609 ista
843 2552 941 2607 incur-

436 2639 517 2693 sione
541 2643 654 2694 vastam
677 2634 743 2707 [sic]
770 2636 831 2692 solo
854 2636 940 2691 facile

436 2726 608 2793 aequassent.
643 2721 738 2790 [Thon
749 2719 838 2775 much
850 2720 941 2776 about

435 2804 563 2859 Manlius
588 2804 646 2859 and
670 2802 836 2871 Camillus]
887 2803 939 2858 Se·

435 2906 525 2944 nones
543 2893 641 2945 autem
658 2888 694 2942 oh
707 2886 938 2943 valentissimam

435 2969 510 3023 hano
567 2966 782 3038 expeditionem
841 2966 938 3022 natale

436 3051 540 3116 solnm,
563 3057 597 3106 ut
620 3050 782 3106 cultoribus
801 3067 936 3116 vacuum,

435 3137 478 3192 ita
489 3135 588 3208 proedt
600 3134 826 3190 refertissimum
836 3133 938 3189 eliense

436 3220 528 3290 genti,
572 3236 661 3292 qnam
697 3217 806 3289 Belgae
849 3234 939 3288 supra

436 3305 608 3369 nominatos,
623 3303 724 3368 luisse,
742 3301 813 3358 satis
832 3301 937 3373 liquet,

437 3391 652 3443 concesserunt.

473 3493 499 3548 1.
526 3495 552 3559 6,
580 3496 594 3561 t
620 3495 664 3548 14.
702 3493 750 3548 Ad
772 3493 937 3559 Sabrinam,
1022 3487 1071 3542 No
1091 3489 1242 3562 authority
1262 3491 1307 3545 lor
1327 3489 1428 3546 Hedui
1444 3491 1492 3561 (or

436 3575 573 3631 Themesi
604 3574 737 3640 inferius,
768 3575 939 3630 habitabant
987 3570 1091 3636 AEdui)
1117 3572 1148 3626 in
1176 3573 1310 3641 Britain,
1335 3591 1385 3630 see
1404 3575 1435 3631 ii.
1463 3576 1490 3641 l,

437 3658 547 3723 Hodoi,
560 3657 648 3713 urbes
662 3675 763 3713 eorum
771 3657 896 3713 Ischalis
909 3663 939 3712 et
989 3653 1004 3719 i
1025 3654 1052 3718 9,
1075 3660 1153 3710 note.
1192 3657 1318 3713 Ischalis
1332 3657 1488 3726 (Ilcheoter,

436 3741 588 3797 Avalouia.
637 3740 780 3805 Therme,
812 3759 878 3812 quoe
909 3748 939 3797 at
987 3736 1147 3810 according
1194 3745 1224 3794 to
1260 3740 1392 3796 Camdon
1433 3742 1491 3796 and

435 3825 529 3896 Aquae
567 3823 643 3880 Solis
685 3823 936 3895 nuncupabantur,
987 3817 1128 3892 Horaley)
1158 3821 1184 3878 is
1223 3842 1242 3879 a
1270 3829 1348 3881 town
1378 3825 1412 3879 ol
1439 3825 1490 3880 the

438 3907 645 3972 Romanorum,
679 3907 730 3979 qui
754 3907 828 3962 hono
858 3907 937 3963 Brit·
988 3903 1091 3977 Belgae
1121 3906 1154 3959 in
1185 3906 1262 3962 Ptol.
1295 3926 1341 3979 ap.
1379 3908 1489 3974 Petris,

437 3993 523 4048 laniae
559 4009 640 4048 oraru
676 3990 821 4056 tenebant,
853 3992 938 4047 lacte
986 4005 1026 4044 xv
1049 4006 1075 4043 a.
1112 3990 1258 4046 Avalonio
1280 3992 1306 4046 is
1336 3993 1411 4047 from
1440 3992 1491 4049 the

437 4076 550 4134 colonia
562 4081 592 4132 et
603 4080 746 4149 perpetuo
758 4074 851 4130 sedes.
866 4075 938 4130 urbs
987 4073 1185 4143 suppositione
1204 4074 1324 4148 epitaph
1342 4075 1404 4143 (see
1416 4075 1490 4131 Bax-

435 4161 668 4218 nominstissima
697 4161 760 4215 hoec
796 4165 868 4224 eret,
901 4158 938 4215 ad
987 4159 1042 4222 ter,
1068 4156 1205 4228 glossar..
1231 4157 1297 4226 28)2
1323 4159 1384 4213 H1o
1409 4174 1490 4214 nour

437 4245 545 4300 flumen
575 4245 708 4300 Abonam
740 4244 805 4310 sita,
837 4243 938 4313 ibique
988 4242 1489 4298 ssrurrosmcnrosrrxanrorrus

436 4328 530 4382 fontes
543 4327 641 4392 calidi,
655 4327 775 4398 opiparo
793 4326 938 4399 exsculpti
987 4321 1139 4378 mnam
1156 4324 1316 4381 Avsmnis.
1354 4326 1489 4383 Therma)

436 4413 587 4480 apparatu,
602 4409 639 4466 ad
659 4427 731 4465 usus
750 4410 935 4476 mortalium
987 4404 1094 4471 (which
1105 4424 1209 4464 rcours
1222 4409 1255 4466 ii.
1271 4410 1295 4476 l,
1310 4412 1326 4479 §
1340 4409 1387 4475 15)
1400 4409 1426 4466 is
1438 4415 1489 4465 not

437 4492 543 4564 quibus
557 4491 684 4546 lontibus
700 4493 841 4563 praesules
855 4500 938 4550 erant
987 4487 1076 4543 lonnd
1084 4489 1117 4543 in
1128 4507 1184 4562 any
1193 4492 1310 4548 ancient
1317 4492 1427 4557 writer,
1436 4493 1491 4548 but

436 4574 582 4646 Apollinis
601 4579 631 4630 et
642 4575 784 4633 Minervas
796 4578 936 4644 Numina,
985 4572 1095 4640 maybe
1104 4576 1214 4630 sesnin
1225 4578 1276 4632 the
1288 4576 1398 4648 mapol'
1406 4575 1490 4631 Orto-

437 4656 467 4709 in
498 4671 623 4726 qnorum
654 4655 766 4712 oedihns
802 4661 938 4729 perpetui
985 4653 1054 4710 lina.
1066 4656 1141 4712 Ptol.
1154 4659 1196 4724 (in
1204 4659 1410 4730 Petriana.)
1418 4659 1490 4715 calls

437 4741 522 4810 ignea
552 4756 701 4810 nunquam
731 4739 883 4800 labascunt
907 4744 937 4799 in
987 4738 1011 4800 lt
1036 4746 1108 4811 θερμὰ
1143 4747 1217 4797 ὕδατα
1234 4743 1341 4818 (Aqua
1353 4742 1485 4815 Calidae).
