3567 5800
453 866 500 912 na
521 864 638 912 orsrrs
659 862 781 912 aucun
802 860 1001 911 auen—111.
1025 847 1076 911 29.
1211 848 1275 910 153

225 1053 297 1118 eius
312 1053 347 1116 in
364 1074 472 1139 regem
496 1056 531 1117 et
557 1050 727 1116 dominum
752 1052 929 1137 elegerunt.
977 1049 1059 1113 Erat
1074 1054 1184 1114 autem
1200 1052 1279 1113 tuuc
1292 1044 1364 1161 0⁰¹3
1371 1060 1426 1160 Ἑω-

226 1154 386 1239 temporis
416 1154 552 1219 Onuto
543 1177 578 1218 111
603 1153 784 1232 Lindeseia,
799 1152 858 1217 ubi
880 1158 939 1238 pat
941 1174 976 1217 er
998 1153 1068 1217 eius
1092 1174 1165 1217 cum
1181 1152 1279 1217 classe
1291 1126 1379 1227 libror
1393 1128 1416 1161 ¹⁵

228 1263 264 1323 ct
279 1256 448 1321 obsidibus
469 1280 544 1322 eum
569 1256 759 1335 dimiserat3
781 1256 841 1321 nbi
870 1261 940 1320 tam
968 1255 1090 1320 milites
1106 1256 1280 1319 bellatores

228 1382 331 1445 quam
362 1381 461 1445 equos
491 1359 674 1424 emissarios
697 1358 901 1444 expectabat,
930 1364 970 1421 ut
1004 1358 1127 1422 iunctis
1154 1357 1280 1422 viribus

227 1463 263 1526 in
288 1467 419 1546 gentem
444 1461 626 1547 Anglorum
654 1483 721 1526 sure
744 1460 835 1525 virus
858 1459 995 1525 malitiae
1025 1460 1216 1540 effunderet,
1247 1464 1280 1523 et

226 1587 262 1628 se
285 1564 468 1629 deserentes
491 1586 565 1627 cum
587 1562 788 1628 contritione
810 1562 953 1649 puniret.

1294 1666 1364 1715 Will.

1293 1732 1377 1782 Malui.
1391 1734 1416 1783 ii.

1292 1798 1373 1861 §rra

1292 1866 1360 1915 llor.

1293 1932 1408 1997 Vigom„

163 2016 172 2036 ·
232 1976 486 2045 Conrluunrw.
534 1979 708 2060 Quocirca
724 1978 782 2043 Et
768 1977 924 2043 celredus
946 2001 969 2043 a
991 1974 1251 2043 Nemoturica
1237 1998 1277 2040 au
1293 2000 1449 2063 Rogwenu.

354 2082 526 2167 Applicat
546 2081 685 2148 ueniens
708 2088 893 2149 amoveam
916 2088 1048 2166 suscepi
1053 2104 1091 2145 ue
1115 2086 1167 2145 eet.
1293 2068 1426 2184 {322⁸st

1294 2199 1361 2251 Α.Ι).
1377 2207 1449 2251 1014.

280 2295 348 2360 HIS
370 2296 504 2383 igitur
494 2319 531 2361 1n
552 2301 646 2383 parte
662 2296 831 2361 Danorum
856 2297 907 2361 ita
928 2296 1037 2382 gestie,
1061 2316 1141 2381 gens
1156 2292 1316 2411 Anglo·E
1268 2294 1390 2343 Rerum
1402 2295 1432 2343 of

231 2421 308 2463 rum
323 2400 366 2463 ad
390 2422 501 2485 regem
527 2399 739 2466 Ethelredum
770 2398 997 2464 festinanter
988 2419 1024 2461 111
1041 2396 1279 2462 Normanniam
1294 2361 1420 2416 Etheloeu

234 2502 370 2566 nuntios
384 2502 457 2588 pari
472 2523 630 2568 consensu
653 2501 853 2579 direxerunt,
878 2502 1057 2566 mandant
1025 2506 1074 2565 tes
1094 2524 1128 2567 se
1153 2500 1281 2565 nullum

234 2602 311 2689 plus
333 2626 443 2669 amare
465 2627 564 2691 quam
588 2604 757 2670 dominum
780 2626 876 2670 suum
899 2603 1094 2681 naturalem,
1118 2603 1146 2667 si
1169 2602 1284 2667 mitius

235 2728 337 2791 quam
374 2709 466 2794 prius
497 2706 612 2773 fecerit
644 2729 699 2771 eos
731 2712 872 2772 tractare
906 2706 1014 2772 vellet.
1067 2705 1196 2785 Quibus
1226 2727 1284 2769 rex

235 2809 434 2875 Ethelredus
471 2809 579 2874 filium
613 2831 708 2873 suum
741 2810 945 2874 Edwardum
976 2830 1051 2874 oum
1084 2808 1203 2894 legatis
1240 2806 1283 2871 ad

235 2934 292 2976 eos
315 2913 468 2999 dirigens,
492 2935 605 2978 omnes
627 2913 845 2979 amicabiliter
866 2913 1049 2993 salutavit3
1072 2913 1280 2998 promittens,

236 3016 265 3080 si
289 3015 326 3079 in
349 3016 458 3101 aliquo
482 3016 631 3100 deliquit,
647 3037 681 3080 se
695 3038 755 3101 pro
771 3037 882 3080 eorum
898 3016 1036 3081 arbitrio
1059 3019 1285 3080 correcturum.

237 3119 314 3184 Rex
343 3119 446 3206 igitur
477 3118 675 3184 Ethelredus
716 3126 863 3207 tempore
893 3119 1019 3184 vernali
1056 3119 1092 3182 iu
1130 3117 1286 3204 Angliam

236 3223 375 3300 rediens,
418 3225 591 3308 gratanter
639 3228 791 3308 acceptus
829 3223 871 3287 ab
911 3222 1062 3288 omnibus
1100 3222 1287 3286 honoratur.

238 3328 388 3406 Quorum
426 3325 573 3390 omnium
606 3326 756 3413 gratuito
786 3347 946 3390 consensu
976 3323 1106 3412 copioso
1140 3323 1287 3389 exercitu

236 3432 439 3514 congregato
474 3431 593 3492 eontra
623 3427 823 3506 Cnutonem,
861 3428 919 3513 qui
957 3427 1187 3493 confoederatis
1225 3425 1287 3491 sibi

239 3528 575 3595 Lindeseiensibus
566 3551 633 3594 ram
664 3535 772 3595 castra
802 3537 954 3596 moverat
985 3532 1030 3596 ad
1062 3529 1287 3618 praedandum,

238 3655 299 3697 rex
323 3632 517 3698 Ethelredus
539 3633 773 3719 superveniens
801 3633 1021 3699 Onutoncm
1012 3655 1048 3698 111
1070 3634 1181 3720 sugam
1204 3655 1289 3699 com·
1301 3650 1446 3704 Hedeseaa

238 3735 338 3822 pulit,
376 3738 410 3800 et
396 3733 655 3800 tLindeseiam
691 3741 798 3801 totam
836 3736 1048 3825 depopulans,
1084 3761 1165 3822 quos
1203 3737 1338 3838 cepitret
1275 3719 1444 3837 ιῦῑᾞζήο

240 3839 365 3903 incolas
409 3837 641 3903 incunctanter
677 3838 828 3924 peremit
889 3839 1001 3906 Onuto
1036 3861 1165 3926 quoque
1201 3803 1328 3925 fugaeoe
1302 3793 1438 3904 Delrmark.

239 3940 395 4029 praesidio
427 3941 556 4026 elapsus
587 3963 662 4005 curn
691 3941 790 4007 classe
813 3965 872 4008 sua
903 3944 946 4008 ad
970 3943 1135 4009 Sandwici
1157 3948 1288 4029 portum

240 4045 353 4109 ventis
374 4043 619 4130 impellentibus
649 4045 815 4131 applicuit.
878 4045 947 4111 Ubi
993 4046 1028 4110 in
1058 4045 1289 4112 contumeliam

241 4147 354 4233 gentis
376 4147 562 4232 Anglorum
584 4146 715 4212 obsides
730 4170 843 4213 omnes
859 4148 917 4234 qui
940 4148 1028 4234 patri
1050 4170 1110 4212 suo
1125 4147 1166 4213 de
1189 4171 1289 4233 regno

242 4250 377 4336 Angliae
406 4249 478 4314 dati
508 4251 640 4316 fuerant
665 4251 829 4316 truncatis
851 4249 1013 4329 manibus,
1037 4249 1172 4315 auribus
1207 4272 1290 4337 prae-

242 4353 328 4432 cisis,
351 4353 553 4438 naribusque
575 4354 765 4439 amputatis,
795 4354 885 4419 abire
908 4352 1079 4440 permisit:
1118 4359 1152 4418 et
1182 4353 1290 4417 Daue-

243 4454 425 4520 marclriam
469 4455 643 4542 profectus,
698 4478 870 4521 numerum
915 4455 1112 4520 bellatorum
1156 4477 1289 4522 suorum

243 4557 465 4644 multiplicare
487 4558 625 4624 curavit
