3567 5800
426 911 474 959 nu
496 910 612 959 ousrrs
635 908 756 959 crocu
777 906 971 958 sucu-rr.
995 895 1024 969 6,
1043 894 1071 959 7.
1208 893 1272 956 209

658 1296 739 1364 ΟΜ».
765 1294 845 1361 VII.
1286 1280 1406 1407 ἑξιῑζξνό

1286 1417 1318 1465 cr.
1331 1416 1394 1482 cog.

223 1486 274 1553 Dc
296 1485 513 1555 cororratc'onc
532 1485 675 1573 pluviosi
696 1485 800 1573 Rapis
813 1483 984 1553 Edaoardi
1005 1492 1036 1553 ct
1059 1484 1273 1572 conforme.
1285 1482 1442 1601 &lim

268 1674 398 1741 Iun'uu
428 1676 589 1765 gloriosus
612 1676 808 1757 Edwardus‚
831 1676 1064 1742 annitentibus
1086 1673 1273 1762 proceribus

222 1778 327 1865 regni,
343 1800 417 1844 cum
440 1800 568 1845 summo
589 1779 711 1845 honore
733 1778 942 1866 maximoque
957 1778 1105 1845 omnium
1126 1776 1273 1865 tripudio
1286 1772 1397 1822 ΕΜ

222 1880 265 1945 ab
296 1880 545 1969 archiepiscopis
577 1880 810 1948 (lantuariensi
847 1881 970 1947 Eadsio
1007 1885 1042 1945 ct
1075 1879 1273 1945 Eborucensi
1286 1840 1439 1956 §efflet

221 1982 347 2049 Alfrico
369 2006 443 2049 cum
466 1983 531 2049 sibi
552 1984 709 2050 subiectis
732 1984 899 2072 episcopis,
922 1983 1031 2071 prima
1053 1983 1106 2048 die
1130 1982 1272 2061 Paschae,
1286 1981 1338 2089 {⁰5
1347 1988 1380 2087 οἱ
1408 2067 1418 2076 -

222 2086 340 2170 quinto
362 2085 487 2151 scilicet
508 2085 668 2151 kalendas
683 2086 818 2173 Aprilis,
836 2086 872 2151 in
895 2107 1005 2173 regem
1028 2084 1162 2173 Angliae
1183 2083 1274 2172 apud
1286 2054 1409 2166 ιριῖῃῖίηῗ

223 2188 552 2254 westmonasterium
596 2188 777 2255 secundum
821 2188 1028 2275 quorundam
1075 2186 1273 2275 opinionem,
1287 2179 1328 2226 ²⁸·

212 2278 401 2357 'secundum
431 2312 509 2356 vero
542 2290 730 2377 opinionem
764 2290 904 2356 aliorum
935 2290 1022 2377 apud
1044 2290 1272 2373 Wyntoniam,

223 2392 260 2457 in
293 2414 405 2481 regem
435 2392 566 2481 Angliae
598 2392 754 2457 inunctus
785 2397 820 2457 et
854 2396 1061 2457 consecratus
1092 2398 1152 2473 est,
1186 2414 1274 2456 anno

224 2494 362 2561 Domini
384 2495 557 2561 millesimo
580 2495 831 2582 quadragesimo
857 2495 1011 2561 secundo.
1057 2494 1141 2560 Erat
1163 2500 1275 2560 autem
1288 2499 1359 2549 Μ).
1372 2504 1443 2549 ¹0⁴²·

223 2620 283 2665 rex
306 2598 491 2665 Edwardus
513 2599 602 2664 filius
627 2596 831 2678 Etheldredi‚
865 2598 924 2685 qui
946 2598 1014 2663 fuit
1040 2598 1193 2684 Eedgari,
1217 2598 1275 2685 qui
1288 2568 1356 2685 pipp
1370 2566 1444 2683 lllfff,

223 2700 290 2765 fuit
313 2700 490 2779 Edmundi,
527 2700 585 2788 qui
607 2698 673 2765 fuit
696 2699 862 2780 Edwardi,
886 2700 945 2786 qui
966 2700 1033 2765 fuit
1054 2700 1185 2765 Alfredi
1207 2700 1276 2766 sive

225 2803 364 2869 Alurcdi
401 2803 514 2891 magni
551 2804 646 2891 regis,
686 2802 778 2869 cuius
815 2803 1009 2890 genealogia
1046 2804 1196 2890 superius
1234 2802 1277 2867 ad

224 2907 335 2972 Adam
372 2928 474 2994 usque
512 2907 710 2994 perducitur.
771 2905 938 2973 Coronatc
976 2929 1052 2994 ergo
1090 2907 1127 2971 in
1168 2928 1278 2994 regem

224 3009 410 3096 Anglorum
433 3009 606 3090 Eduardo,
630 3029 705 3096 quae
727 3011 808 3074 tune
830 3009 950 3096 Anglis
972 3009 1085 3096 gloria,
1110 3031 1184 3096 quae
1198 3015 1280 3074 tunc

224 3111 380 3178 omnibus
413 3111 450 3176 in
483 3111 649 3178 communi
679 3111 807 3190 laetitia,
840 3133 916 3177 cum
945 3111 1067 3177 redisse
1090 3115 1279 3176 cerneretur

225 3215 367 3301 antiqua
404 3213 552 3295 felicitas,
590 3219 625 3280 et
662 3234 736 3300 quae
779 3212 846 3278 fere
884 3211 1135 3300 desperabiliter
1171 3213 1279 3300 plora-

224 3317 352 3383 bantur
386 3317 505 3382 emisse
535 3315 695 3404 reciperet
725 3315 762 3380 in
794 3315 962 3381 Eduardo
992 3315 1132 3402 populus
1154 3336 1276 3401 pacem,
1292 3321 1399 3370 Geneml

224 3441 376 3507 proceres
409 3419 561 3505 gloriam,
592 3419 726 3485 ecclesia
755 3417 966 3484 libertatem!
1012 3418 1105 3483 Tunc
1127 3416 1277 3483 clevatus
1290 3389 1435 3452 ‘'wll''

225 3527 278 3588 est
300 3521 357 3600 sol,
383 3527 418 3587 ct
440 3521 519 3586 luna
541 3521 636 3586 stetit
657 3521 695 3585 in
718 3521 832 3586 ordine
855 3541 922 3598 suo,
946 3519 1086 3606 quando,
1113 3520 1278 3586 Eduardo

223 3624 333 3712 gloria
354 3629 390 3688 et
412 3623 534 3689 honore
557 3628 722 3703 coronato,
738 3621 923 3688 sacerdotes
944 3621 1108 3709 sapientia
1130 3629 1166 3688 et
1187 3645 1278 3689 sanc-

224 3727 328 3793 titate
349 3725 530 3812 fulgebant,
563 3726 764 3792 monasteria
793 3727 884 3792 omni
914 3726 1071 3813 religione
1101 3727 1278 3813 pollebant,

225 3829 348 3918 agebat
370 3830 474 3896 clerus
496 3830 533 3894 in
556 3829 659 3896 officio
682 3851 749 3907 suo,
766 3839 802 3896 et
823 3829 964 3916 populus
986 3831 1099 3895 stabat
1115 3829 1153 3894 in
1174 3831 1279 3917 gradu

224 3955 294 3998 suo.
349 3931 534 3997 Videbatur
567 3931 669 3997 etiam
702 3937 793 3997 terra
821 3932 999 4010 fecundior,
1031 3954 1087 3998 aer
1108 3933 1279 4011 salubrior,

224 4035 276 4101 sol
305 4035 457 4114 serenior,
490 4033 590 4099 maris
617 4031 707 4101 undu
735 4034 891 4121 pacatior.
940 4033 1085 4114 Quidni¹
1120 4040 1280 4122 regnante

225 4159 304 4225 rege
327 4136 460 4224 pacifico
484 4136 616 4204 vicin02
636 4137 770 4202 vinculo
804 4136 895 4224 pacis
925 4136 1036 4203 omnia
1057 4138 1280 4214 convenirent,

226 4246 268 4306 ut
298 4239 385 4305 nihil
417 4239 680 4326 pestilentiosum
714 4246 799 4306 esset
833 4239 870 4304 in
902 4261 985 4318 uere,
1015 4239 1101 4303 nihil
1129 4241 1166 4304 in
1196 4239 1281 4304 muri

225 4347 498 4430 tempestuosum,
532 4342 570 4407 in
600 4349 690 4407 terra
718 4339 804 4407 nibil
833 4341 1055 4420 infecundum,
1086 4342 1169 4406 nibil
1193 4341 1410 4407 inor-Limes

227 4446 385 4512 dinatum
407 4445 444 4509 in
466 4445 560 4524 clero,
583 4444 667 4509 nihil
689 4445 726 4509 in
750 4444 844 4532 plebe
868 4443 1133 4510 tumultuosum?
1172 4443 1280 4510 Laud-
1294 4423 1451 4544 ffiffil’

227 4555 308 4614 atur
330 4571 351 4614 a
373 4550 501 4614 cunctis
524 4547 710 4614 Etlwardus
740 4569 842 4635 regno
875 4547 1026 4613 stabilito
1049 4548 1085 4611 in
1106 4547 1280 4613 dominatu
1294 4571 1318 4620 p.
1334 4562 1390 4606 ³95.

282 4823 420 4891 'Quidufl
439 4825 574 4888 Quoniam,
587 4825 684 4876 Ailred
784 4824 788 4891 Ι
872 4826 989 4892 'viciuo]
1009 4826 1106 4885 inuno,
1118 4825 1217 4878 Ailred.

325 4933 401 4982 VOL
419 4934 456 4982 11.
1129 4937 1151 4984 O
