3567 5800
471 831 514 894 58
685 887 688 892 .
737 845 803 896 mc
825 845 873 898 DE
894 846 1027 898 cmsc
1049 848 1249 903 srncmsu

862 1045 1114 1116 Oourmusrro.

299 1251 428 1305 nne.
512 1235 633 1302 um
646 1191 807 1308 moeses
828 1238 964 1326 regem
984 1238 1141 1317 munus
1156 1243 1254 1306 ene
1273 1239 1403 1308 suess
1422 1241 1514 1308 incr

296 1317 396 1382 justice.

340 1413 351 1422 μ
465 1340 653 1425 proximum
675 1345 710 1406 et
730 1341 919 1427 proximum
940 1341 1116 1420 indicebat,
1132 1348 1172 1408 ut
1193 1348 1307 1409 contre
1326 1345 1511 1420 veritatem,

465 1463 532 1506 non
562 1442 635 1508 dico
656 1441 741 1508 nihil
763 1443 857 1524 vello,
889 1444 947 1514 sed
969 1467 1028 1512 nec
1061 1466 1154 1532 posse
1186 1446 1311 1533 aliquid
1332 1448 1509 1513 videretur.

466 1543 566 1610 Unde
588 1544 694 1612 fertur
715 1546 915 1632 quibusdum
934 1547 1057 1614 dixisse
1078 1548 1248 1614 irritatus:
1273 1549 1382 1616 “Dico
1403 1551 1508 1628 vobis,

462 1647 648 1735 sipossem,
670 1649 777 1714 vicem
797 1649 892 1716 vobis
914 1648 1159 1718 reddidissem''
1203 1651 1291 1732 Quid
1312 1674 1380 1718 non
1400 1658 1511 1739 pomet

462 1751 758 1829 rexinsubditos,
781 1751 1508 1842 dominnsinservosininfirmospotens,

462 1850 534 1917 dux
554 1854 592 1918 in
612 1852 758 1919 milites?
816 1852 883 1922 Sed
904 1855 1060 1948 quicquid
1080 1876 1149 1922 non
1182 1855 1329 1923 diotebet
1358 1857 1507 1944 requites,

463 1957 619 2045 quicquid
650 1979 718 2024 non
756 1959 973 2046 permittebat
1003 1959 1145 2040 iustitie,
1182 1961 1337 2046 quicquid
1370 1959 1509 2025 veritati

461 2060 675 2148 repugnabat,
697 2061 852 2147 quicquid
873 2061 999 2149 regium
1021 2063 1306 2128 mansuetudinem
1327 2084 1394 2127 non
1415 2062 1508 2128 dece·

460 2161 528 2241 bet,
559 2163 623 2228 sibi
643 2161 796 2229 credebat
826 2163 1037 2251 impossibile.
1098 2163 1209 2250 Igitur
1230 2187 1291 2230 rex
1312 2163 1507 2244 Edwardns,

459 2262 513 2330 vir
541 2270 733 2332 mensuetus
765 2270 800 2331 et
832 2267 915 2353 pius,
949 2266 1100 2332 omnibns
1121 2266 1273 2333 amabilis
1300 2273 1335 2334 et
1356 2267 1509 2346 effabilis,

459 2365 607 2432 omnium
629 2367 666 2432 in
687 2389 722 2434 se
744 2368 937 2454 provocarit
958 2359 1119 2438 effectum.

854 2593 1104 2660 conmissus.

463 2821 468 2828 ·
502 2783 647 2852 runnu
679 2783 823 2872 quidem,
853 2781 1033 2871 eliquondo
1061 2803 1172 2869 regem
1206 2783 1295 2850 inter
1329 2783 1505 2850 missarum

457 2887 629 2955 sollemnia
672 2887 796 2955 fectum
835 2887 872 2952 in
904 2908 1045 2953 excessu
1073 2885 1200 2977 mentis
1225 2890 1339 2955 contro
1376 2908 1503 2954 morem

456 3012 553 3056 suum
575 2990 691 3056 risisse
739 2990 938 3055 Mimntibus
971 2990 1031 3075 qni
1051 2989 1190 3055 oderent
1212 2993 1247 3054 et
1268 2998 1412 3077 tempore
1443 3012 1504 3078 op-

455 3098 597 3180 portuno
634 3115 764 3159 csusem
800 3092 1051 3172 sciscitantibus,
1092 3114 1153 3157 rex
1182 3090 1250 3157 eit:
1294 3100 1311 3129 “
1338 3090 1504 3160 Convenit

455 3196 554 3262 Ducis
576 3200 612 3263 et
633 3193 910 3281 Norwegensibus
930 3194 1115 3281 praedotum
1136 3195 1248 3259 venire
1269 3195 1306 3259 in
1327 3194 1502 3283 Anglinm3

454 3304 714 3387 congregatoque
750 3298 787 3362 in
822 3301 922 3385 portu
958 3297 1095 3362 nerium
1132 3296 1355 3374 multitudine,
1394 3296 1501 3363 illotis

454 3408 598 3495 qu'oquo.
631 3400 732 3477 ermis
783 3400 1060 3486 comportatisque
1105 3397 1245 3494 cibariis,
1293 3399 1500 3486 navigaturis

452 3502 632 3569 neoesssrie
661 3502 869 3588 ponebantur.
917 3500 963 3585 Et
985 3502 1052 3567 iem
1073 3500 1254 3587 navigandi
1282 3505 1410 3587 tempus
1441 3502 1501 3567 ed-

421 3608 610 3672 -veneret:
645 3605 712 3669 iem
745 3604 855 3670 ventis
888 3603 970 3679 vele,
992 3602 1075 3667 velis
1105 3623 1215 3680 neves,
1246 3602 1377 3668 firerent
1409 3626 1500 3669 com-

452 3707 632 3773 mittendus.
687 3706 772 3773 Oum
796 3710 886 3771 ecoel
919 3704 1168 3791 unusquispiam
1196 3704 1238 3770 de
1269 3703 1365 3770 domo
1387 3706 1499 3773 vicine

451 3809 562 3897 portui
576 3830 650 3874 cum
665 3806 763 3875 elice
785 3808 881 3894 pleno
903 3806 1001 3873 mede
1021 3806 1191 3893 egrediens
1211 3828 1359 3893 proceres
1372 3806 1499 3876 invitet

291 3958 295 3969 -
389 3966 392 3971 .
450 3913 495 3979 ed
515 3916 640 4000 potum.
676 3910 800 3981 Rident
821 3909 893 3990 illi;
915 3909 1020 3975 instet
1041 3908 1106 3975 ille
1139 3908 1285 3974 Tandem
1306 3910 1497 3996 probrosum

437 4016 498 4083 eis
529 4034 659 4094 nomen,
706 4014 734 4091 si
766 4034 836 4079 non
866 4012 921 4078 vel
953 4010 1054 4078 semel
1090 4010 1251 4088 biberent,
1288 4010 1498 4099 imprecatus,

435 4123 584 4185 ¹cunctos
605 4115 743 4205 pellexit
757 4136 776 4182 e
790 4114 877 4181 novi.
923 4113 1072 4201 Cumque
1095 4113 1182 4179 culix
1195 4114 1381 4181 succederet
1394 4116 1496 4195 culici,

448 4222 705 4306 assiduitateque
731 4216 867 4284 bibendi
896 4216 1146 4282 succenderetur
1174 4216 1326 4297 aviditas,
1356 4216 1499 4285 ebrietes

448 4324 485 4389 in
507 4323 749 4412 loquacitatem,
771 4318 954 4405 loquecitas
976 4319 1127 4405 prorupit
1148 4318 1185 4383 in
1206 4318 1309 4396 litem,
1331 4319 1372 4383 lis
1387 4318 1498 4387 Dacos

447 4430 604 4515 provocet
626 4430 661 4491 et
683 4425 791 4488 armet
804 4423 841 4487 in
863 4442 1016 4509 pugnem.
1061 4420 1119 4487 Fit
1140 4421 1302 4487 tumultus
1317 4422 1405 4487 inter
1417 4444 1498 4489 con-

447 4530 551 4606 vivus,
584 4528 664 4593 dum
686 4546 772 4593 crece
794 4522 938 4610 quodem
958 4522 1105 4588 ementis
1134 4522 1281 4609 quisquis
1310 4522 1347 4587 in
1368 4524 1496 4591 socium

447 4632 554 4713 irruit,
584 4630 730 4697 nesciens
752 4628 806 4693 cui
835 4630 990 4714 posceret,
1016 4630 1051 4692 et
1073 4647 1170 4715 quem
1192 4627 1304 4693 feriret
1325 4626 1494 4714 ignorans.

447 4735 542 4801 Inter
570 4720 704 4799 mutuus
730 4730 834 4817 igitur
855 4726 966 4809 coedes,
996 4727 1076 4793 dum
1098 4728 1156 4794 elii
1176 4734 1408 4810 sternerentur,
1430 4730 1495 4799 elii
