3567 5800
393 872 441 919 nu
463 870 580 919 orsus
602 871 723 921 susum
745 870 939 921 mon-m.
966 854 1091 933 1111.
1205 860 1269 921 315

217 1058 303 1136 dem,
341 1080 416 1123 cum
447 1058 608 1123 matutini
641 1059 765 1144 soporis
800 1058 910 1144 quiete
942 1058 1090 1125 membra
1127 1060 1272 1125 meroide

217 1161 422 1237 refocillaret,
442 1162 579 1226 videbat
602 1162 638 1225 in
660 1160 782 1225 somnis
803 1182 838 1225 se
860 1182 935 1225 oum
957 1183 1091 1227 suorum
1114 1162 1274 1227 comitatu

217 1265 261 1329 ad
283 1264 426 1350 patriam
458 1264 625 1351 propriam
647 1268 864 1349 parentesque
886 1264 1077 1333 revisendos
1106 1266 1172 1331 iter
1194 1266 1273 1331 arri·

219 1365 334 1451 puisse
390 1367 436 1431 Et
467 1388 542 1431 oum
576 1366 747 1452 paululum
780 1366 1020 1452 processissent,
1055 1373 1151 1454 rogat
1187 1390 1274 1434 unus

217 1468 338 1554 aliquis
360 1472 400 1533 ut
423 1467 571 1533 divertat
593 1468 637 1533 ad
660 1467 1003 1548 westmonasterium,
1040 1470 1198 1555 quatinus
1224 1472 1272 1535 ibi

219 1571 291 1635 cibo
329 1575 475 1657 potuque
513 1572 626 1636 refecti
663 1571 810 1637 laborem
847 1572 979 1637 itineris
1012 1572 1141 1638 facilius
1175 1575 1274 1639 susti-

219 1678 344 1739 nerent
392 1674 461 1739 “Et
485 1673 679 1757 quomodo,''
702 1673 814 1759 inquit
835 1674 902 1755 illa,
928 1674 998 1740 “ad
1022 1698 1076 1741 eos
1099 1675 1270 1755 divertam,

219 1799 360 1863 quorum
393 1798 452 1841 neo
486 1777 602 1841 faeiem
636 1798 784 1862 unquam
806 1776 886 1854 vidi,
922 1799 982 1843 neo
1016 1778 1152 1843 nomina
1183 1780 1271 1857 novi,

219 1902 279 1945 nee
311 1879 348 1943 in
380 1878 509 1943 ratione
543 1879 614 1943 dati
648 1884 682 1945 et
715 1881 839 1967 aoeepti
874 1880 1027 1966 cuiquam
1058 1882 1190 1945 illorum
1213 1883 1271 1947 ali-

220 1982 354 2068 quando
386 1980 674 2047 communicavit”
729 1981 774 2046 Et
807 1982 873 2063 ille,
914 1983 1006 2047 “Est
1038 1983 1114 2061 ibi‚”
1152 1985 1271 2073 inquit,

223 2083 376 2149 “nobilis
398 2104 458 2147 rex
474 2084 667 2161 Edwardus,
692 2085 784 2149 ouius
806 2084 835 2149 si
858 2107 933 2150 oum
956 2085 1132 2151 devotione
1155 2109 1193 2152 ao
1209 2088 1273 2153 fide

219 2187 404 2273 sepulerum
441 2186 603 2265 inviseris,
642 2187 737 2252 fusile
770 2187 835 2253 tibi
867 2210 887 2252 1
923 2188 1066 2254 Domino
1104 2189 1175 2255 Deo
1214 2212 1272 2254 suo

219 2290 431 2355 refectionem
463 2311 529 2375 qua
551 2310 667 2376 corpus
688 2295 786 2354 tuum
819 2290 996 2377 pristinum
1018 2292 1165 2379 vigorem
1195 2293 1274 2357 reci-

219 2394 293 2481 piat
316 2390 536 2479 impetrabit.'’
586 2392 761 2479 Evigilans
782 2392 885 2479 igitur
908 2394 1025 2459 mulier
1047 2396 1274 2481 somniumque

219 2501 402 2562 retraetans
424 2494 569 2559 surrexit
591 2516 610 2559 e
632 2499 749 2573 stratu,
783 2495 964 2581 boniloquo
985 2495 1153 2563 inbecillis
1174 2520 1275 2563 mem-

219 2600 281 2665 bro
314 2602 504 2663 sustentans
538 2597 723 2684 ingreditur
755 2597 945 2678 oratorium,
980 2604 1015 2665 et
1044 2620 1153 2665 eoram
1175 2601 1274 2665 altari

220 2701 450 2789 prosternitur.
508 2698 640 2786 Septem
675 2721 804 2785 quoque
842 2699 984 2788 psalmos
1016 2705 1074 2789 qui
1111 2704 1272 2789 poeniten-

219 2804 318 2869 tiales
350 2803 507 2867 dicuntur
539 2824 613 2867 oum
644 2824 773 2867 summa
804 2803 910 2868 cordis
937 2806 1135 2870 contritione
1159 2806 1274 2871 decan-

219 2913 304 2984 taus,
339 2906 511 2971 sollemnes
540 2905 669 2970 addidit
698 2905 861 2985 letanias3
900 2907 1093 2994 devotisque
1125 2911 1274 2996 precibus

219 3015 371 3075 sanetum
392 3032 503 3096 regem
518 3009 720 3074 Edwardum
743 3010 947 3088 conveniens,
974 3009 1133 3090 “Credo’'
1154 3013 1272 3097 iuquit,

221 3119 241 3147 “
256 3111 396 3192 domine,
420 3116 571 3198 paratam
586 3111 669 3176 mihi
684 3112 772 3197 apud
795 3116 946 3176 sanetum
969 3113 1153 3198 sepulcrum
1169 3119 1274 3193 tuum,

221 3214 401 3280 seormdum
434 3213 522 3298 quod
544 3213 626 3277 mihi
647 3215 854 3299 promissum,
878 3215 908 3277 si
930 3214 1015 3278 illud
1037 3214 1156 3292 adier0,
1187 3217 1273 3280 sani-

221 3323 339 3382 tatem.
398 3317 464 3381 Sed
486 3317 567 3402 quid
589 3339 671 3403 opus
694 3322 744 3381 est
766 3315 827 3382 hoe
849 3316 962 3381 labore
984 3339 1065 3393 meo,
1089 3318 1190 3382 immo
1214 3319 1275 3384 hoc

220 3421 365 3507 periculo
388 3423 486 3484 meot
541 3420 616 3484 Erit
643 3419 731 3484 enim
763 3440 832 3484 non
862 3441 1003 3506 parvum
1038 3442 1120 3486 meae
1154 3422 1274 3506 quietis

221 3523 429 3608 dispendium
473 3526 643 3587 vecturam
688 3543 841 3608 quaerere,
887 3543 1059 3609 procurare
1104 3522 1272 3601 viaticum,

224 3626 328 3691 socios
350 3625 481 3690 itineris
514 3625 696 3711 providere,
730 3625 895 3712 praecipue
918 3631 1029 3690 autem
1052 3625 1088 3690 in
1110 3627 1218 3692 eundo
1241 3635 1275 3692 et

223 3729 392 3794 redeundo
424 3727 539 3792 audire
574 3729 690 3807 multa,
728 3729 836 3794 multa
869 3727 983 3794 videre
1021 3751 1095 3816 quoa
1129 3735 1274 3795 mentem

224 3833 389 3898 extollant
411 3840 446 3897 et
468 3832 618 3896 adimant
640 3832 849 3918 gravitatem,
874 3837 909 3896 et
931 3832 987 3897 vel
1009 3831 1127 3920 ipsam¹
1155 3835 1275 3919 nugari

223 3941 259 4002 et
292 3937 389 4000 otiari
420 3935 475 4000 vel
505 3934 589 3999 tolio
617 3934 774 4000 facientes
808 3935 990 4000 attendere.
1050 3936 1139 4016 Quid
1173 3937 1276 4024 igitur

222 4060 352 4105 neeesse
375 4044 425 4103 est
448 4044 487 4102 ut
509 4039 592 4102 sacri
627 4039 770 4125 eorporis
792 4038 844 4102 tui
877 4039 1088 4123 praesentiam
1120 4061 1273 4125 quaerum,

222 4165 298 4208 oum
320 4142 441 4228 spiritu
463 4162 606 4226 praesens
629 4140 692 4206 sis²
707 4146 741 4206 et
758 4141 905 4205 cernenti
922 4141 1111 4206 Creatorem
1134 4147 1275 4229 angusta

223 4246 270 4310 sit
292 4245 398 4309 omnis
432 4249 586 4309 creatura.
633 4243 707 4309 Soio
740 4248 836 4321 uerte,
872 4245 938 4308 scio
961 4243 1048 4329 quod
1075 4245 1112 4309 in
1135 4267 1174 4310 ea
1204 4246 1275 4311 luce

223 4371 299 4436 quae
331 4353 486 4434 penetrat
507 4347 619 4413 omnia
641 4347 735 4412 mea⁸
758 4347 823 4412 tibi
852 4351 946 4434 petet
968 4347 1108 4427 miseria,
1144 4353 1273 4414 etcum

295 4679 302 4708 ¹
321 4676 413 4742 ipram]
432 4678 494 4740 ipsu,
505 4676 561 4728 MS.
809 4677 819 4706 ⁸
834 4675 901 4740 mea]
920 4681 995 4735 metu,
1007 4675 1063 4725 MS.

295 4759 306 4787 ²
322 4757 371 4822 sie]
390 4756 446 4818 seis,
458 4757 515 4809 MS.
