3567 5800
547 866 609 929 132
804 879 870 928 ruo.
895 878 941 927 nr
964 878 1099 929 crsuuo,
1122 880 1210 927 sese.
1233 880 1321 929 msr.

543 1071 642 1150 visus,
665 1069 796 1172 loquela
817 1070 930 1149 mutis,
965 1074 998 1135 et
1021 1072 1240 1158 cuiuscunque
1262 1072 1468 1139 infirmitatis
1487 1073 1577 1139 livore

541 1173 669 1239 detenti
685 1177 809 1259 optatae
832 1174 985 1238 sanitatis
1008 1176 1149 1261 proemio.
1167 1182 1395 1261 consequntur.
1443 1176 1498 1241 Fit
1511 1198 1576 1241 ron-

541 1298 653 1341 cursus
675 1276 868 1362 populorum
883 1276 987 1341 totius
1009 1278 1103 1363 regni
1125 1278 1169 1342 ad
1191 1280 1349 1364 martyris
1371 1280 1574 1366 sepulturam:

540 1388 574 1443 et
595 1379 684 1443 iuter
706 1379 788 1443 alios
810 1379 880 1443 eius
901 1378 1108 1444 interfectrix
1129 1381 1194 1444 iter
1216 1380 1294 1446 illue
1308 1382 1457 1468 arripuit
1502 1382 1576 1447 ism·

539 1504 603 1567 que
625 1503 723 1568 equm
755 1502 924 1545 ascensum
946 1502 1020 1547 cum
1054 1483 1196 1547 stimuiis
1228 1491 1369 1571 urgeret,
1402 1485 1461 1571 qui
1491 1490 1576 1549 anto

538 1585 649 1649 ventis
682 1584 846 1671 pernicius
868 1606 965 1648 euros
987 1584 1073 1671 ipsas
1106 1593 1328 1671 praecurreret,
1364 1592 1399 1652 et
1422 1588 1576 1652 dominam

538 1688 692 1753 ardenter
718 1693 752 1752 et
774 1687 867 1772 quasi
888 1687 1020 1751 effrenis
1041 1692 1173 1773 portare
1193 1695 1398 1767 assuesceret,
1423 1698 1503 1755 tune
1524 1689 1578 1754 Dei

539 1796 625 1855 nutu
658 1790 770 1855 stabat
800 1788 999 1863 immobilis;
1032 1793 1194 1877 praecipue
1226 1814 1301 1857 cum
1333 1793 1479 1857 ministri
1511 1792 1578 1855 hino

538 1894 737 1972 verberibus,
770 1891 861 1956 illino
893 1890 1097 1971 clamoribus,
1130 1916 1228 1979 equm
1259 1894 1407 1981 undique
1448 1895 1578 1959 stimulis

540 1997 729 2061 excitarent
788 1994 904 2057 Inauis
926 1994 1020 2059 labor
1042 1997 1228 2075 assumitur,
1252 1997 1331 2061 dum
1354 2019 1439 2082 equo
1462 2002 1579 2061 mutato

368 2104 526 2185 Pensnceor
540 2121 632 2164 casus
654 2098 742 2163 idem
764 2096 982 2181 subsequitur.
1043 2098 1134 2163 Tune
1157 2098 1285 2165 Elfrids
1312 2099 1384 2164 viso
1407 2100 1470 2165 hoo
1492 2099 1578 2164 mira-

369 2172 474 2224 Elusa.
540 2203 612 2266 culo
643 2201 799 2286 paenituit
834 2203 922 2279 adeo,
954 2205 993 2265 ut
1015 2200 1130 2265 multis
1163 2202 1259 2267 annis
1281 2224 1413 2268 carnem
1436 2224 1528 2267 susm
1548 2202 1578 2265 iu

539 2303 663 2368 deliciis
703 2303 867 2369 nutritam
902 2303 991 2391 opud
1024 2302 1256 2369 Warewellam
1291 2304 1395 2370 oilioio
1429 2306 1576 2382 domaret

536 2407 604 2472 solo
627 2411 792 2493 prostrato
817 2429 968 2472 somnum
992 2412 1131 2492 caperet,
1163 2412 1198 2472 et
1221 2408 1393 2488 cruciatus,
1430 2430 1577 2495 quoseuu·

533 2530 598 2595 que
619 2510 738 2593 potuit,
753 2531 812 2573 suo
835 2510 963 2596 corpori
986 2508 1173 2595 applicaret.
1223 2510 1365 2576 Elferius
1389 2533 1529 2597 quoque,
1545 2511 1577 2575 de.

533 2634 598 2696 quo
636 2634 734 2697 supru
764 2612 973 2677 meminimus
1007 2611 1096 2696 quod
1129 2612 1365 2678 monachorum
1389 2614 1578 2679 monasteris

534 2714 756 2790 destruxisset,
792 2714 833 2779 de
866 2715 961 2801 culpo
992 2714 1091 2779 anxie
1128 2714 1300 2800 paeniteus,
1339 2736 1469 2783 sacrum
1504 2717 1577 2803 regis

533 2840 649 2904 corpus
682 2818 722 2881 de
753 2818 823 2881 loeo
856 2817 996 2905 ignobili
1030 2818 1240 2895 transferens,
1274 2820 1361 2906 apud
1394 2818 1575 2908 Septoniuu

534 2923 634 3007 (ligno
665 2922 787 2986 honore
820 2921 952 2986 locavit.
1001 2921 1068 2986 Sed
1090 2943 1149 2986 neo
1176 2922 1222 2988 sic
1255 2923 1391 3008 dignam
1426 2923 1574 2988 ultionem

364 3040 495 3093 stard’s
535 3025 702 3110 effugiens
741 3030 816 3110 post
850 3045 974 3088 annum
1008 3045 1126 3110 corpus
1164 3025 1234 3097 eius
1271 3029 1380 3090 totum
1419 3026 1575 3090 rensibus

364 3109 459 3236 {mh
537 3127 658 3191 dieitur
691 3149 758 3191 esse
790 3131 1025 3212 consumptum.
1094 3125 1294 3192 Suecedente
1325 3132 1473 3214 tempore
1511 3149 1575 3215 pots

366 3197 513 3306 cogaris,
538 3231 681 3316 corporis
724 3229 858 3315 gloriosi
903 3230 989 3314 regis
1027 3233 1061 3294 et
1099 3230 1257 3315 martyris
1295 3229 1454 3294 Edwerdi
1498 3229 1574 3316 apud

365 3320 498 3384 Bromios,
535 3332 771 3397 monasterium
809 3330 897 3416 quod
930 3329 1013 3396 Leof
1050 3331 1252 3412 nominatur,
1290 3332 1387 3396 iuxta
1428 3331 1573 3397 Herefor-

364 3387 410 3436 ⁰⁰¹¹
423 3392 480 3440 ⁸⁸⁴¹
535 3433 633 3513 dam3
666 3455 741 3520 pars
772 3455 850 3498 vero
884 3433 989 3498 alters
1021 3433 1165 3520 eorporis
1196 3433 1340 3500 eiusdem
1374 3435 1465 3500 beati
1498 3433 1573 3520 regis

532 3536 622 3623 opud
652 3536 887 3601 monasterium
919 3535 1124 3602 Abendoniae
1156 3541 1205 3602 est
1238 3535 1419 3604 trsusleta.l
1482 3537 1574 3601 Locus

532 3661 611 3704 vero
633 3639 721 3726 apud
744 3638 946 3725 Septouiam,
980 3639 1039 3704 ubi
1065 3639 1178 3725 pulmo
1202 3639 1347 3705 eiusdem
1369 3640 1456 3726 regis
1478 3639 1573 3704 adbuc

532 3741 662 3828 integra
684 3741 854 3806 viriditate
876 3741 1030 3828 palpitat,
1054 3740 1321 3807 Edwardestowe
1346 3742 1474 3807 dieitur.

362 3845 491 3934 messou
577 3845 655 3910 Post
698 3845 781 3909 hano
819 3849 930 3908 eutem
968 3843 1230 3910 interfectionem
1265 3844 1423 3932 predicto
1457 3842 1572 3908 Elfride

362 3913 490 4052 312¹?oe
533 3948 646 4034 regino
679 3947 744 4012 duo
778 3947 979 4011 monasteris
1010 3945 1207 4011 feminarum
1239 3948 1444 4024 construxit;
1478 3967 1571 4010 unum

360 4066 485 4118 osware.
533 4051 621 4138 opud
644 4049 875 4116 Warewellam
898 4048 957 4112 ubi
980 4054 1013 4113 et
1035 4049 1107 4134 ipso.
1129 4048 1257 4114 Elfrids
1278 4050 1459 4135 requiescit,
1489 4045 1570 4112 aliud

360 4133 485 4265 fflbss}
531 4159 643 4218 autem
666 4150 901 4217 monesterium
917 4151 1005 4236 opud
1021 4151 1257 4237 Ambrysbury
1272 4153 1369 4216 iuxta
1391 4151 1571 4232 Sarosbury.

361 4266 432 4329 bury.
532 4255 747 4343 Splendidum
771 4275 847 4318 vero
878 4253 1076 4338 martyrium
1110 4252 1293 4319 beatissimi
1315 4254 1401 4341 regis
1424 4250 1570 4318 Edwsuli

530 4359 649 4423 rutilat
672 4380 729 4444 per
743 4356 876 4421 infinita
898 4356 1017 4422 secula
1039 4356 1240 4423 seculorum.
1287 4355 1404 4424 Amen.

833 4697 840 4725 ¹
859 4694 995 4760 translato]
1015 4695 1162 4746 translatum
1181 4695 1238 4747 MS.
