3567 5800
545 841 610 904 182
805 856 872 906 nro.
896 857 944 906 nn
965 856 1099 910 crunno
1122 857 1213 908 enno.
1235 857 1322 910 rnen

541 1047 595 1134 pie
620 1067 739 1132 regere,
762 1065 935 1131 aequmque
954 1044 1112 1112 iudicium
1135 1067 1194 1132 per
1217 1046 1328 1114 omnia
1354 1046 1523 1126 observare,
1544 1049 1576 1112 et

540 1150 569 1216 ai
591 1150 671 1234 qnid
696 1171 755 1236 per
775 1171 858 1214 meae
879 1149 1066 1216 iuventutis
1092 1150 1380 1236 intemperantiam
1407 1155 1464 1216 aut
1483 1148 1575 1236 negli-

540 1253 689 1340 gentiam
725 1252 883 1318 hactenus
919 1255 1040 1337 praeter
1069 1252 1105 1316 id
1143 1254 1230 1338 qnod
1267 1255 1394 1319 iustum
1431 1258 1498 1318 arat
1530 1254 1576 1316 eet

540 1360 660 1435 ectum,
705 1359 815 1424 totum
868 1353 940 1420 Deo
988 1353 1174 1424 auxiliante
1191 1359 1208 1442 q
1223 1356 1359 1442 dispono
1408 1355 1573 1422 emendare.

542 1459 663 1525 Iooiroo
691 1458 839 1524 obtestor
867 1463 902 1524 et
932 1457 1098 1544 praecipio¹
1120 1459 1203 1524 meis
1240 1459 1441 1541 consiliariis,
1469 1457 1576 1542 quibus

541 1561 635 1648 regni
675 1559 810 1627 coneilio
850 1559 982 1638 credidi,
1021 1581 1064 1626 ne
1108 1559 1177 1626 ullo
1214 1561 1319 1640 modo,
1358 1567 1420 1626 aut
1456 1567 1576 1647 propter

541 1687 651 1733 meum
673 1665 834 1742 timorem,
857 1667 916 1730 aut
938 1663 1075 1730 aliouim
1097 1665 1241 1750 potentie
1260 1685 1410 1751 pereonae
1432 1663 1574 1736 favorem,

542 1770 687 1854 aliquam
710 1766 910 1834 iniustitiam
932 1765 1050 1832 amodo
1070 1768 1278 1834 consentiant
1297 1768 1352 1832 vel
1373 1767 1496 1832 fenam
1514 1766 1575 1852 pul·

541 1874 645 1938 lulam
673 1871 711 1935 in
740 1868 831 1936 omni
859 1889 960 1954 regno
976 1889 1057 1934 meo.
1117 1868 1276 1956 Praecipio
1306 1869 1410 1934 etiam
1440 1867 1576 1934 omnibus

541 1972 790 2043 vicecomitibus
818 1975 853 2036 et
882 1971 1066 2057 prepositis
1094 1971 1241 2039 universi
1273 1971 1366 2057 regni
1400 1971 1473 2048 mei,
1503 1969 1576 2034 siout

541 2101 649 2144 meam
671 2076 790 2144 volunt
815 2074 936 2140 habere
959 2074 1139 2140 amicitiam
1170 2079 1228 2142 eut
1258 2095 1352 2140 cuam
1377 2075 1522 2150 salutem,
1542 2075 1575 2136 ut

541 2181 625 2247 nulli
662 2178 798 2258 homini,
828 2197 889 2242 neo
927 2175 1025 2242 diviti
1057 2197 1119 2242 nec
1147 2174 1293 2262 pauperi,
1322 2175 1394 2242 vim
1432 2176 1575 2240 iniustam

541 2284 694 2359 inferant,
724 2280 782 2348 sed
813 2277 974 2358 omnibus,
1005 2281 1075 2344 tam
1106 2278 1273 2344 nobilibus
1305 2299 1408 2363 quam
1438 2276 1575 2365 ignobili·

541 2387 613 2463 bue,
635 2385 680 2451 ait
708 2383 758 2450 fan
790 2382 881 2448 iusta
908 2380 979 2467 lege
1010 2380 1182 2467 potiundi3
1217 2403 1238 2446 a
1268 2401 1335 2466 qua
1363 2401 1426 2446 nec
1457 2385 1575 2467 propter

541 2491 689 2554 favorem
709 2486 813 2572 regni,
836 2505 897 2550 nec
919 2488 1052 2572 propter
1077 2482 1215 2548 alicuius
1238 2484 1384 2569 potentis
1410 2502 1576 2570 personum,

542 2612 602 2656 nec
633 2593 767 2676 propter
797 2586 880 2650 mihi
914 2585 1152 2672 congerendam
1181 2585 1362 2672 pecuniam,
1395 2587 1464 2652 ullo
1491 2582 1575 2648 modo

542 2694 698 2761 devient:
736 2691 815 2778 quia
850 2689 946 2756 nulla
982 2688 1065 2756 mihi
1098 2689 1274 2756 necessitas
1303 2693 1362 2768 est,
1403 2693 1446 2754 ut
1473 2688 1574 2774 iniqua

542 2797 714 2863 exactione
737 2792 876 2882 pecunia
889 2791 973 2858 mihi
995 2795 1196 2878 congeratur.
1241 2791 1312 2878 Ego
1331 2791 1450 2878 itaque
1472 2794 1575 2856 notun

543 2901 638 2968 vobis
662 2897 736 2964 fieri
756 2896 842 2975 volo,
867 2894 955 2981 quod
981 2895 1095 2961 eedem
1115 2893 1171 2961 via
1193 2916 1258 2982 qua
1280 2894 1369 2961 exivi
1392 2893 1575 2983 regrediens,

414 3002 464 3080 ΨΒ
476 3000 515 3051 ³¹¹·
543 3001 819 3071 Danemerobiam
833 2998 929 3079 vado,
944 3018 1057 3084 pacem
1077 3002 1111 3065 et
1131 2998 1264 3063 firmum
1283 3002 1420 3084 paetum
1442 2996 1574 3063 omnium

373 3084 420 3184 vn·
434 3083 495 3183 2¹¹⁰
543 3109 716 3175 Danorum
738 3102 872 3171 coneilio
893 3100 1132 3189 compositurus
1154 3122 1228 3166 cum
1258 3101 1306 3167 eis
1333 3100 1575 3187 gentibusque

414 3218 431 3251 ¹¹
542 3234 603 3279 noe
624 3209 745 3277 etrite
765 3212 801 3273 et
816 3226 918 3292 regno
938 3203 1120 3290 privarasi
1142 3202 1190 3271 eie
1211 3208 1297 3269 esset
1315 3202 1480 3289 possibile,
1501 3200 1576 3267 vole

541 3317 636 3393 bant,
661 3313 718 3380 aad
743 3332 812 3376 non
834 3308 1022 3395 potuerunt,
1047 3306 1120 3372 Deo
1142 3305 1267 3371 scilicet
1291 3307 1454 3373 virtutem
1478 3326 1576 3371 eorum

542 3420 737 3486 destruente
798 3411 865 3493 Qui
901 3431 962 3477 nos
1005 3430 1065 3475 ena
1101 3408 1306 3495 benignitate
1341 3409 1378 3473 in
1415 3428 1516 3495 regno
1547 3411 1576 3470 et

541 3523 663 3589 honore
692 3519 870 3594 conservet,
902 3512 1048 3579 omnium
1077 3511 1283 3577 inimicorum
1312 3516 1500 3577 nostrorum
1527 3530 1575 3595 po

540 3624 683 3691 tentiam
707 3619 881 3695 adnihilet,
905 3613 1083 3701 composita
1110 3614 1249 3699 denique
1272 3635 1350 3700 pace
1379 3634 1457 3681 cum
1480 3612 1576 3701 genti-

540 3729 603 3794 bue
617 3747 693 3813 quae
712 3724 750 3789 in
769 3720 909 3789 circuitu
931 3722 1044 3784 nostro
1066 3721 1151 3793 eunt,
1168 3715 1391 3805 dispositoque
1413 3723 1450 3785 et
1471 3720 1576 3803 parato

542 3830 633 3900 omni
661 3848 764 3915 regno
784 3845 858 3891 meo
883 3822 938 3889 hic
966 3820 1003 3887 in
1028 3819 1163 3899 oriente,
1186 3819 1238 3885 ita
1262 3823 1302 3883 ut
1324 3842 1347 3885 a
1371 3820 1466 3887 nulla
1490 3821 1576 3906 parte

540 3936 665 4003 bellum
701 3936 762 3997 eut
796 3924 990 3993 inimicitiae
1026 3922 1211 4009 aliquorum
1248 3922 1364 3989 timere
1397 3922 1575 3997 habeamus,

540 4060 640 4127 quam
680 4034 779 4101 citius
821 4030 883 4095 hao
919 4030 1035 4094 castate
1072 4029 1266 4111 apparatum
1301 4024 1431 4110 navigii
1467 4024 1576 4089 habere

540 4148 664 4232 potero,
679 4197 682 4206 ,
695 4135 852 4224 Angliam
884 4132 999 4197 venire
1028 4128 1172 4214 dispono
1234 4126 1333 4193 Hanc
1360 4132 1473 4193 autern
1501 4125 1576 4212 epin-

541 4246 647 4314 tolam
682 4241 751 4307 iam
786 4235 939 4325 praemisi,
969 4236 1009 4299 nt
1041 4233 1082 4297 de
1118 4252 1192 4295 mea
1227 4229 1442 4316 prosperitate
1478 4228 1575 4295 omnis

542 4348 683 4439 populus
705 4341 799 4431 regni
822 4339 887 4405 mei
909 4336 1096 4403 latificetur
1108 4358 1118 4413 ;
1140 4333 1226 4420 quia,
1245 4336 1285 4399 ut
1309 4352 1369 4399 voe
1394 4332 1457 4418 ipsi
1483 4331 1574 4409 scitis,

541 4470 713 4537 nunquam
742 4442 972 4528 memetipsum
1004 4460 1065 4503 nec
1101 4458 1210 4501 meum
1245 4435 1389 4501 laborem
1425 4432 1575 4507 abstinui,

542 4578 602 4623 nec
628 4552 735 4620 adhuc
759 4543 941 4622 abstinebo
963 4540 1150 4629 impendere
1175 4560 1233 4626 pro
1255 4538 1361 4603 omnin
1386 4536 1497 4623 populi
1517 4533 1577 4598 mei

541 4655 725 4726 necessaria
747 4652 904 4719 utilitate.
949 4644 1048 4713 Nunc
1071 4643 1174 4731 igitur
1196 4641 1341 4707 obtestor
1365 4662 1476 4705 omnes
1500 4636 1577 4723 epie-

542 4782 638 4850 copoe
667 4778 756 4825 meos
785 4760 820 4821 et
843 4750 936 4839 regni
959 4748 1024 4815 mei
1047 4745 1236 4834 praepositos
1265 4766 1322 4831 per
1351 4742 1455 4821 iidem,
1482 4760 1576 4827 quam
