3567 5800
503 874 547 944 76
771 889 836 939 1uo.
859 882 907 938 on
928 889 1060 941 smnus.
1083 891 1171 942 erne
1194 892 1306 945 men

503 1075 591 1142 filius
605 1075 687 1142 dicti
709 1071 867 1144 Edw'ordi
880 1073 970 1166 regis
991 1101 1035 1145 ex
1047 1074 1199 1167 legitima
1219 1077 1360 1167 coniuge
1372 1075 1555 1168 susceptus,

503 1179 635 1244 nomine
673 1178 866 1261 Edwardus,
905 1187 1035 1269 patrem
1076 1183 1144 1249 cita
1174 1187 1283 1250 morte
1316 1187 1455 1269 sequtus
1490 1188 1555 1249 est.

502 1281 594 1347 Time
627 1283 774 1348 omniurn
802 1284 922 1374 spebus
957 1283 996 1351 in
1024 1284 1271 1352 AEthelstanum
1308 1284 1433 1365 erectis,
1464 1285 1555 1351 solus

503 1383 663 1464 Eltredus,
695 1386 788 1452 cuius
819 1409 919 1474 snpra
947 1387 1167 1470 meminimus,
1201 1409 1333 1475 magnse
1368 1387 1557 1456 insolentius

501 1487 607 1568 homo,
631 1509 706 1554 eum
728 1488 796 1555 suis
817 1490 903 1555 elam
923 1488 1058 1572 restitit,
1079 1491 1188 1578 quoad
1208 1490 1330 1578 potuit,
1353 1490 1554 1578 dedignatus

501 1590 600 1656 subdi
621 1591 764 1670 domino,
787 1614 886 1679 quem
907 1614 969 1659 sno
988 1614 1059 1658 non
1080 1592 1254 1680 delegisset
1274 1592 1422 1659 arbitrio.
1468 1592 1554 1674 Quo,

501 1699 541 1760 ut
566 1694 714 1782 superius
735 1717 795 1762 rex
816 1695 942 1777 retulit,
973 1695 1106 1784 prodito
1134 1701 1170 1762 et
1191 1695 1392 1773 exanimato,
1414 1695 1553 1762 fuerunt

501 1797 559 1884 qui
581 1797 717 1864 fratrem
749 1799 837 1886 regis
867 1797 1049 1864 Edwinum
1080 1798 1277 1864 insidiarum
1308 1797 1554 1864 insimularent

502 1900 614 1966 Scelus
636 1900 836 1968 horrendum
857 1905 892 1967 et
920 1901 1056 1980 foedum,
1090 1902 1180 1988 quod
1200 1900 1413 1968 sedulitatem
1433 1900 1554 1967 froter-

500 2025 578 2069 nam
601 2002 736 2070 sinistre
757 2003 1029 2092 interpretatione
1059 2003 1254 2070 turbarent!
1309 2003 1473 2070 Edwinus
1493 2025 1555 2091 per

501 2127 536 2171 se
568 2109 606 2172 et
640 2127 699 2194 per
735 2105 958 2172 internuntios
994 2105 1095 2172 fidem
1120 2105 1269 2194 germani
1304 2105 1492 2192 implorans
1515 2111 1555 2172 et

333 2217 376 2296 119
385 2217 471 2268 ades
500 2207 579 2274 licet
620 2213 823 2276 sacramento
871 2207 1070 2276 delationem
1105 2207 1286 2288 infirmans,
1330 2207 1369 2274 in
1411 2207 1553 2273 exilium

333 2283 492 2401 {mm
501 2315 595 2376 actua
625 2316 684 2390 est,
718 2315 758 2378 nt
789 2312 876 2378 eolus
909 2332 984 2377 cum
1004 2310 1176 2398 armigero,
1208 2311 1295 2376 sicut
1322 2310 1552 2397 praemisimus,

332 2423 361 2468 co
370 2417 403 2468 be
502 2434 621 2479 navem
636 2414 849 2481 conscendere
863 2413 1033 2480 iuberetur
1046 2413 1169 2502 remigo
1190 2417 1226 2480 et
1246 2413 1386 2500 remigio
1399 2434 1552 2493 vacuam,

332 2482 459 2535 dmm
500 2521 659 2605 praeterea
691 2521 858 2584 vetustate
889 2538 1049 2604 quassam,
1078 2517 1135 2582 ubi
1159 2513 1349 2581 voluntario
1378 2515 1417 2580 in
1443 2537 1554 2602 aquas

499 2619 682 2707 praecipitio
718 2624 858 2687 mortem
895 2619 1063 2699 conscivit,
1100 2624 1202 2705 atque
1238 2617 1281 2685 ab
1313 2618 1475 2706 armigero
1513 2620 1554 2686 in

500 2722 672 2789 Whitsent
703 2727 753 2789 est
785 2722 941 2810 sepultus
1002 2722 1054 2788 At
1079 2742 1159 2788 vero
1181 2721 1409 2787 AEthelstanus
1437 2721 1553 2788 animo

500 2825 615 2892 sedato
648 2825 773 2892 factum
810 2825 983 2891 exhorruit
1013 2825 1231 2913 septennique
1267 2823 1465 2912 peonitentia
1494 2847 1553 2890 ae-

499 2935 596 3016 cepta
624 2928 661 2994 in
695 2929 874 2995 delatorem
895 2927 1008 2993 fratris
1038 2926 1186 2993 animose
1216 2925 1308 2992 ultus
1337 2931 1398 2991 est.
1467 2926 1555 2994 Erat

498 3032 587 3099 enim
617 3032 673 3097 ille
695 3031 851 3119 pincerna
880 3030 976 3117 regis,
1007 3035 1045 3098 et
1074 3051 1134 3117 per
1154 3028 1216 3096 hoc
1231 3111 1232 3114 Ἴ
1247 3028 1290 3094 od
1323 3028 1555 3115 persuadenda

358 3164 361 3174 ·
499 3156 574 3220 quae
606 3134 823 3220 excogitasset
852 3132 1087 3199 accommodus
1148 3130 1267 3217 Itaque
1289 3152 1363 3196 cum
1386 3129 1472 3197 forte
1495 3132 1554 3199 dic

481 3230 647 3302 ¹sollemni
683 3236 801 3301 vinum
837 3233 1036 3321 propinaret,
1077 3233 1114 3298 in
1153 3232 1261 3299 medio
1296 3232 1444 3299 triclinio
1479 3255 1553 3300 uno

497 3340 579 3427 pede
616 3339 735 3425 lapsus,
773 3338 877 3403 altero
922 3358 958 3402 se
1002 3335 1177 3423 recollegit
1252 3336 1343 3401 Tunc
1380 3335 1553 3403 occasione

498 3447 630 3530 accepta
651 3440 751 3507 fatale
773 3439 913 3507 verbnm
934 3438 1001 3505 eibi
1021 3438 1153 3505 emisit:
1182 3436 1268 3504 “Sic
1288 3436 1391 3503 stater
1410 3436 1553 3504 fratrem

499 3544 666 3610 adiuvat.”
710 3542 787 3624 Quo
819 3564 881 3608 rex
911 3541 1029 3608 audito
1059 3538 1223 3627 perfidum
1246 3540 1439 3606 obtruncari
1461 3562 1555 3628 prae·

498 3644 594 3732 cepit,
617 3644 737 3731 saepius
758 3644 922 3711 auxilium
942 3642 1101 3731 germani,
1132 3641 1161 3707 si
1184 3642 1322 3723 viveret,
1343 3642 1553 3731 increpitans

498 3752 533 3814 et
569 3752 708 3813 mortem
738 3746 960 3833 ingemiscens.
998 3752 1001 3757 '
1028 3744 1227 3831 Quanquam
1259 3766 1337 3812 vero
1367 3745 1439 3813 baec
1467 3768 1554 3813 nece

331 3894 417 3945 wilm.
498 3850 610 3916 fratris
632 3850 839 3937 contigerint,
871 3854 984 3916 temen
1005 3848 1194 3915 mirabilem
1214 3869 1283 3914 suae
1312 3847 1448 3935 pietatis
1469 3848 1554 3915 dili-

329 3958 454 4012 Mnlmdi
497 3954 642 4041 gentiam
672 3954 710 4019 in
742 3953 884 4040 reliquos
915 3951 1033 4018 fratros
1066 3972 1136 4017 non
1165 3951 1320 4019 inmerito
1341 3950 1553 4019 decernimus

327 4030 444 4169 {11:⁴3oe
496 4055 751 4124 collaudandam.
810 4054 902 4136 Quos
930 4076 1007 4121 cum
1040 4058 1134 4143 pater
1162 4054 1316 4141 ipsorum,
1339 4055 1555 4140 supradictus

328 4184 419 4237 sorau
495 4183 555 4227 rex
577 4160 768 4239 Edwardus‚
791 4158 942 4247 puerulos
962 4158 1141 4224 admodum
1161 4157 1355 4245 reliquisset,
1376 4156 1433 4223 ille
1453 4176 1555 4247 mag-

327 4251 441 4369 gffim
496 4264 614 4331 nificus
635 4287 695 4330 rex
717 4261 945 4328 AEthslstanus
965 4282 1086 4348 parvos
1107 4282 1228 4347 magna
1256 4259 1427 4327 dulcedine
1449 4259 1554 4340 fovit,

329 4386 378 4435 ano
392 4384 484 4436 suun.
497 4373 532 4434 et
553 4367 684 4434 adultos
698 4364 792 4452 regni
806 4368 971 4430 consortes
985 4364 1071 4431 fecit.
1116 4362 1168 4429 De
1188 4362 1356 4428 sororibus
1375 4364 1456 4428 ‘vero
1476 4364 1555 4430 suis

497 4470 646 4557 superius
667 4468 788 4533 lectum
822 4471 881 4546 est,
914 4471 1041 4553 quanta
1071 4466 1244 4531 maiestate
1269 4466 1432 4551 provexit,
1462 4488 1556 4552 ques

496 4578 590 4661 pater
611 4576 645 4637 et
667 4570 824 4657 innuptos
845 4575 880 4636 et
901 4569 1069 4635 indotatas
1090 4567 1274 4654 reliquerat
