3567 5800
520 831 636 882 casrrs
658 831 779 881 sacru
800 831 1001 881 sucu-111.
1017 819 1046 882 6.
1257 815 1299 878 45

259 1040 342 1104 equo
379 1018 525 1106 positum
562 1020 633 1086 sino
670 1019 756 1084 vado
793 1025 828 1084 et
863 1022 963 1104 ponte
1000 1023 1093 1083 trans
1125 1015 1307 1082 Thamense

261 1121 394 1201 flumen,
418 1121 533 1186 multis
555 1145 598 1188 ex
620 1121 668 1188 eis
691 1121 876 1201 submersis,
901 1120 1077 1186 duxemnt
1133 1117 1205 1185 Ubi
1233 1123 1308 1182 tan·

259 1223 333 1288 dem
366 1224 456 1288 inter
490 1223 689 1289 Thamisiam
720 1229 755 1290 et
786 1221 943 1290 Oolneam
985 1221 1149 1309 quandam
1186 1220 1309 1286 brevis-

260 1326 378 1390 simam
414 1324 526 1391 nacti¹
557 1327 708 1404 insulam,
744 1347 803 1412 pro
835 1325 955 1412 oppido
993 1325 1082 1390 illam
1116 1322 1308 1410 aliquandiu

259 1427 454 1494 habuerunt
500 1427 682 1495 Christiani
696 1450 774 1494 vero
796 1449 899 1493 naves
921 1426 1045 1493 ibidem
1067 1448 1134 1492 non
1150 1426 1310 1492 habentes

260 1531 464 1607 obsidionem
485 1531 589 1598 facere
610 1532 840 1618 nequiverunt,
856 1531 999 1596 maxime
1021 1552 1095 1596 cum
1118 1529 1182 1594 sibi
1204 1529 1310 1595 victu-

258 1634 323 1698 alia
336 1633 513 1700 deficerent
535 1639 570 1699 et
582 1633 762 1700 terminum
784 1655 852 1699 suas
866 1633 1021 1698 stationis
1043 1631 1301 1719 complevissem

261 1735 357 1800 ΙΠὶες
378 1735 493 1821 itaque
524 1735 759 1815 recedentibus,
782 1757 843 1800 rex
864 1734 1020 1802 Alfredus
1052 1735 1121 1800 sive
1144 1733 1310 1799 Aluredus

260 1860 333 1902 cum
367 1839 529 1904 exercitus
562 1839 615 1904 sui
647 1838 825 1904 medietate
858 1837 937 1903 illuc
977 1836 1182 1924 properabat.
1244 1835 1309 1901 Sed

261 1945 439 2026 antequam
484 1941 549 2006 iter
597 1941 795 2027 explevisset
832 1939 1008 2027 inceptum,
1055 1939 1232 2005 nuntiatur
1278 1938 1308 2004 ei

260 2063 412 2129 morenos,
436 2044 494 2128 qui
516 2043 791 2108 Nerthumbriam
813 2047 849 2108 et
870 2041 1079 2128 Estangliam
1110 2041 1306 2120 incolebant,

262 2145 420 2230 quosdam
442 2144 615 2224 Exoniam,
638 2145 798 2232 quosdam
821 2166 863 2210 ex
885 2145 931 2210 eis
953 2165 1061 2210 arcem
1084 2144 1250 2229 quandam
1270 2144 1306 2206 in
1318 2181 1469 2235 mounes

263 2246 415 2312 Devonia
451 2248 551 2312 sitam
582 2247 753 2312 obsedisse
809 2247 881 2312 Nec
912 2269 1024 2312 mora:
1059 2267 1119 2312 rex
1152 2245 1459 2331 Alfredusinbevon-

263 2348 332 2414 sive
355 2349 521 2414 Aluredus
544 2371 674 2414 omnem
695 2371 793 2434 quem
816 2349 937 2414 habere
971 2353 1103 2436 poterat
1126 2319 1391 2414 exercitum⁸¹³¹'⁰·

261 2447 425 2523 reducens,
442 2446 607 2512 Exoniam
629 2447 722 2528 adiit,
745 2447 858 2535 paucis
879 2451 992 2512 tamen
1015 2447 1058 2512 ad
1080 2446 1308 2512 debellandum

260 2550 370 2615 hostes
393 2571 475 2634 quos
496 2549 731 2636 insequebatur
753 2549 883 2616 relictis
929 2549 1057 2636 Pagani
1073 2570 1151 2614 vero
1167 2549 1311 2628 interim,

261 2674 336 2738 rege
367 2673 481 2716 eorum
513 2652 771 2732 convalescente,
800 2651 844 2716 ad
877 2652 1027 2717 concives
1057 2673 1133 2717 suos
1166 2652 1202 2716 in
1236 2652 1311 2716 use

262 2754 388 2819 sermm
410 2753 556 2841 profecti,
571 2755 771 2818 invenerunt
792 2752 936 2818 Hastein
958 2754 1159 2840 proditorem
1181 2755 1313 2840 nequis-

261 2857 389 2934 simum,
413 2857 470 2944 qui
492 2857 558 2922 iam
580 2861 695 2923 contra
716 2861 858 2943 pactum,
883 2855 1067 2944 quodcum
1091 2856 1226 2923 Alfredo
1242 2857 1311 2923 sive

262 2959 409 3024 Aluredo
438 2981 515 3046 rege
547 2959 725 3047 pepigerat,
759 2959 847 3047 apud
878 2955 1123 3039 Beamlleotam,
1156 2959 1311 3047 oppidum

262 3060 396 3126 fossatis
417 3060 494 3126 altis
516 3066 551 3127 et
572 3062 726 3148 spatiosis
747 3062 927 3143 firmatum,
950 3060 1180 3143 inhabitabat;
1202 3084 1222 3127 a
1248 3086 1312 3147 quo

261 3164 361 3229 et'sun
384 3162 534 3229 assiduas
555 3186 656 3250 agens
678 3164 877 3251 irruptiones
912 3186 1042 3230 omnem
1078 3163 1220 3251 patriam
1258 3165 1313 3229 de·

261 3266 416 3331 vastavit
473 3266 538 3331 Sed
569 3266 669 3332 etiam
700 3265 822 3353 pagani
857 3266 915 3351 qui
951 3266 1039 3354 apud
1070 3266 1242 3353 Appultre,
1273 3272 1312 3331 ut

263 3368 457 3454 praedictum
478 3373 537 3448 est,
560 3369 756 3445 resederant,
777 3368 821 3432 ad
836 3368 980 3433 Hastein
994 3368 1173 3446 venientes,
1189 3368 1311 3434 ibidem

263 3492 419 3557 magnum
441 3469 650 3536 confecenmt
672 3468 851 3536 exactum
880 3470 1086 3536 bellatorum.
1140 3470 1232 3535 Tunc
1261 3471 1310 3535 illi

264 3594 343 3657 quos
364 3594 423 3637 rex
447 3569 602 3636 Alfredus
625 3571 694 3637 sive
708 3571 872 3637 Aluredus
894 3572 938 3637 ad
960 3574 1033 3637 illos
1055 3572 1309 3661 expugnandum
1323 3594 1453 3645 Desertor

264 3674 440 3750 dimiserat,
463 3673 583 3739 iunctis
604 3674 667 3740 sibi
697 3674 823 3739 civibus
858 3674 1139 3741 Londoniensibus
1172 3676 1309 3763 aliisque
1321 3660 1480 3785 ‘¹:⁰32th

264 3775 344 3841 viris
389 3775 558 3853 bellicosis,
597 3776 654 3863 qui
692 3798 733 3842 ex
770 3776 892 3841 finibus
940 3776 1239 3843 Northumbrorum
1277 3750 1337 3844 eta

265 3878 498 3966 Fstanglorum
520 3878 564 3942 ad
585 3879 779 3944 mandatum
802 3879 889 3966 regis
912 3880 1121 3956 advenerant,
1138 3881 1181 3945 ad
1197 3882 1312 3947 Beam-

264 3981 420 4047 fleotham
454 3980 619 4046 hostiliter
651 3981 848 4062 accedentes,
871 3982 1014 4047 Hastein
1037 3982 1073 4047 in
1095 3984 1215 4070 oppido
1248 4006 1314 4049 non

265 4084 468 4150 invenemmt
540 4082 607 4149 Sed
642 4090 756 4149 tamen
792 4089 905 4151 contra
936 4086 1039 4151 socios
1081 4086 1150 4151 eius
1184 4086 1241 4171 qui
1273 4108 1314 4151 ex

267 4188 382 4273 oppido
405 4186 560 4251 adversus
591 4207 646 4251 eos
678 4186 836 4263 exierant,
859 4188 1050 4273 gravissimo
1083 4188 1200 4273 proelio
1231 4210 1316 4253 com-

266 4292 370 4370 mimo‚
398 4288 435 4353 in
457 4289 563 4374 prima
585 4289 809 4376 congressione
831 4289 867 4352 in
889 4288 1002 4376 fugam
1025 4312 1080 4356 eos
1104 4290 1312 4376 compellunt,

266 4390 422 4479 oppidum
454 4390 647 4457 invadentes
681 4392 864 4471 destruunt,
897 4413 1034 4457 uxorem
1067 4391 1210 4458 Hastein
1242 4416 1315 4459 cum

614 4596 684 4601 --—-
696 4597 820 4603 ...u-.-
831 4598 1215 4605 -.-......-—-----—-.----
1229 4598 1318 4606 ——n

303 4718 401 4785 uno]
414 4716 495 4778 nanu
507 4718 563 4769 us.
780 4722 786 4787 ι
849 4718 940 4787 susc]
954 4722 1012 4782 sure,
1025 4722 1081 4774 ars.
