3567 5800
531 866 596 936 178
789 882 854 932 aro.
877 883 925 931 nn
947 882 1081 935 omaro
1104 884 1194 934 erno.
1216 882 1306 933 nrer.

530 1068 645 1133 eastris
674 1066 739 1133 nisi
768 1068 964 1157 sanguinem
985 1073 1021 1135 et
1042 1066 1203 1136 cadevera
1227 1066 1414 1135 oooisorum.
1472 1068 1585 1149 Qrmm

531 1170 574 1235 ob
607 1190 737 1235 oaumm
770 1171 922 1260 deinceps
960 1170 1086 1259 Anglos
1122 1192 1251 1238 summo
1288 1171 1409 1237 honore
1446 1170 1584 1251 habens,

360 1288 518 1353 Ropwfflu.
531 1294 606 1337 oum
635 1272 715 1339 lala
746 1273 889 1340 viatoria
921 1274 964 1339 ed
989 1274 1148 1362 Angliam
1173 1274 1355 1361 navigavit
1417 1273 1584 1339 Prmteree

360 1354 491 1471 fffflt
533 1396 593 1440 rex
615 1374 727 1442 (inuio
756 1397 855 1463 super
877 1374 1029 1442 tumbam
1054 1376 1140 1465 regis
1163 1376 1331 1441 Edmundi
1356 1374 1522 1442 ireneside
1544 1376 1585 1440 in

359 1488 428 1537 AJ).
441 1494 511 1539 lose.
533 1478 668 1543 eeclesia
693 1478 917 1546 Glastoniensi
941 1479 998 1545 ubi
1024 1479 1113 1547 idem
1142 1500 1202 1545 rex
1227 1476 1420 1544 Edmundos
1443 1476 1586 1565 quiescit

360 1578 513 1698 glffffivf
532 1580 621 1646 foeta
634 1604 694 1669 pro
709 1582 820 1647 anima
842 1583 913 1647 eius
927 1582 1076 1649 oratione
1090 1583 1228 1671 pellium
1251 1580 1376 1647 obtulit
1400 1582 1585 1669 pretiosum

360 1715 437 1764 amb,
532 1685 634 1749 variis
658 1684 820 1750 coloribus
844 1690 879 1750 et
908 1708 1075 1772 pavonum
1104 1686 1219 1773 figuris
1247 1688 1448 1751 contextum
1507 1684 1585 1749 Hoc

530 1793 643 1854 autem
668 1787 780 1854 feeiase
805 1788 961 1871 ereditur,
991 1812 1034 1855 ne
1056 1789 1093 1854 in
1116 1798 1257 1857 mortem
1289 1788 1359 1853 eius
1381 1788 1434 1853 cui
1456 1789 1493 1853 in
1516 1810 1585 1852 oer-

530 1892 655 1956 tamine
680 1890 840 1978 singulari
866 1891 1110 1959 eonfoederatus
1132 1892 1241 1959 fuerat
1263 1890 1466 1958 consensisse
1489 1890 1585 1956 vide

530 1997 631 2060 retur.

359 2123 427 2175 Ποῖ.

359 2190 429 2255 Viso
469 2228 476 2252 .

359 2257 424 2322 Rog.
460 2260 517 2310 end

357 2325 493 2441 qgffl·
576 2328 828 2397 commemo.
873 2328 974 2413 Quod
994 2350 1054 2399 rao
1077 2330 1190 2399 Gaulo
1215 2329 1382 2399 Norenses
1410 2330 1455 2399 io
1475 2330 1536 2397 aar·

357 2456 426 2573 iiii
438 2459 519 2509 1027-
737 2530 745 2547 ἱ
903 2432 1061 2519 fooorm
1082 2432 1202 2501 illeoit

359 2649 428 2701 cnut
587 2628 669 2695 CUM
692 2630 762 2717 regi
784 2628 934 2696 Onutoni
956 2631 1073 2697 fuisset
1103 2631 1305 2711 intimatum,
1330 2633 1418 2719 quod
1443 2631 1583 2697 Norwe·

357 2718 493 2850 {effla}
530 2754 645 2819 gemes
670 2755 780 2819 regem
802 2754 899 2798 suum
926 2734 1056 2800 Olawm
1078 2740 1215 2822 propter
1239 2736 1310 2800 eius
1334 2735 1581 2822 simplieitatem

358 2850 515 2918 ofuomy.
531 2835 631 2901 nimis
656 2835 906 2923 vilipenderent,
938 2858 1092 2924 magnam
1127 2838 1199 2902 auri
1229 2842 1265 2904 et
1294 2838 1424 2926 argenti
1453 2838 1582 2925 copiam

528 2937 741 3025 magnatibus
772 2937 918 3027 regionis
955 2939 1044 3034 illius
1086 2941 1283 3022 transmisit,
1317 2963 1437 3028 rogans
1467 2962 1582 3005 omnes

527 3042 730 3130 propensius,
770 3048 810 3108 ut
843 3042 971 3108 abieoto
1007 3042 1123 3108 Olawo
1156 3044 1266 3132 ipsum
1304 3045 1505 3131 susciperent
1542 3043 1581 3107 in

526 3169 645 3234 regem.
704 3145 771 3227 Qui
801 3167 876 3212 eum
906 3146 993 3210 dona
1030 3167 1104 3231 quae
1130 3145 1177 3211 eis
1214 3147 1440 3212 transmiserat
1472 3146 1583 3211 avidis

526 3249 681 3316 manibus
707 3247 938 3335 suscepissent,
954 3247 1232 3315 renuntiaverunt
1255 3249 1285 3314 ei
1307 3255 1347 3316 ut
1362 3251 1453 3315 omni
1474 3249 1581 3314 ambi-

526 3353 657 3438 guitate
679 3356 806 3418 remota
837 3349 967 3417 veniret
1000 3349 1045 3416 ad
1076 3371 1139 3430 eos,
1173 3351 1252 3438 quia
1274 3352 1318 3417 ad
1354 3351 1449 3416 illum
1481 3353 1583 3417 susci-

527 3454 686 3541 piendum
709 3475 821 3520 omnes
842 3451 1010 3520 inveniret
1024 3457 1165 3541 paratos.
1212 3453 1287 3520 Rex
1301 3475 1380 3520 vero
1395 3453 1582 3542 Anglorum

529 3560 564 3620 et
601 3555 775 3622 Danorum
817 3555 937 3636 Onuba,
987 3557 1120 3644 cognita
1156 3555 1359 3622 Norensium
1396 3557 1581 3639 voluntate,

530 3681 605 3724 oum
625 3659 770 3724 navibus
785 3657 1031 3746 quinquaginta
1054 3657 1266 3746 Norwegiam
1290 3661 1445 3726 devectus
1468 3683 1582 3748 regem

533 3761 662 3827 Olowm
699 3783 721 3826 a
756 3783 858 3850 regno
897 3761 1035 3849 expulit,
1077 3763 1112 3826 et
1153 3761 1239 3827 illud
1270 3759 1334 3827 sibi
1372 3763 1582 3849 magnatibus

356 3857 468 3976 iffi}
530 3863 755 3930 annuentibus
799 3863 999 3951 subiugavit.
1060 3861 1191 3929 Deinde
1226 3883 1286 3930 rex
1323 3863 1508 3952 Anglorum
1547 3873 1582 3932 et

357 3991 437 4042 Haeo.
530 3965 803 4053 Norwegensium
835 3964 950 4032 Gnuto
975 3965 1019 4031 ad
1050 3963 1209 4053 Angliam
1233 3965 1373 4050 rediens,
1409 3965 1581 4034 Haaonem

530 4069 694 4136 Danioum
716 4068 869 4135 comitem
902 4065 997 4155 quasi
1030 4068 1205 4156 legationis
1240 4089 1338 4134 eausa
1371 4069 1408 4133 in
1444 4069 1581 4137 exilium

528 4173 630 4238 misit
686 4171 820 4238 Habuit
844 4169 994 4237 enimin
1019 4191 1157 4237 uxorem
1188 4169 1371 4237 Gunildem
1393 4178 1582 4240 matronam

358 4293 516 4360 1³03.qu
528 4275 684 4355 nobilem,
716 4273 836 4340 sororis
872 4295 941 4340 suae
972 4277 1006 4338 et
1031 4273 1210 4362 Witigerni
1245 4271 1458 4342 Winidorum
1494 4277 1582 4363 regis

358 4361 494 4477 ffiffifst*
528 4377 651 4444 filiam:
688 4377 777 4442 unde
799 4377 972 4442 metuebat
998 4375 1126 4442 abillo
1155 4376 1210 4442 vel
1234 4399 1256 4442 a
1276 4377 1354 4443 vita
1370 4377 1496 4464 privari
1525 4380 1582 4445 vel

358 4491 426 4544 al).
438 4500 508 4545 1030.
529 4505 550 4544 a
578 4501 680 4567 regno
695 4479 824 4568 expelli.
871 4478 968 4546 cirea
990 4480 1169 4544 eorundem
1191 4483 1378 4567 temporum
1398 4480 1579 4560 volumina,

253 4620 258 4630 ·
358 4583 428 4636 AD.
441 4591 513 4636 ¹⁰2¹·
528 4605 617 4648 anno
642 4583 767 4649 scilieet
800 4581 939 4648 Domini
976 4581 1151 4648 millesimo
1182 4582 1338 4648 vicesimo
1364 4583 1480 4671 primo,
1513 4583 1583 4650 Ro-

527 4685 653 4765 bertus,
668 4682 804 4750 Ricardi
826 4683 961 4750 secundi
984 4683 1076 4751 ducis
1090 4683 1361 4752 Normannorum
1383 4684 1469 4751 alter
1491 4685 1584 4754 iilius

526 4791 562 4850 et
582 4786 686 4852 frater
710 4786 848 4852 Rioardi
878 4785 994 4868 Tertii,
1017 4791 1193 4875 postquam
1217 4787 1314 4854 aunis
1340 4791 1469 4875 septem
1493 4789 1583 4856 Nor-
