3567 5800
442 871 490 920 nn
512 871 628 922 oneris
651 871 771 922 ussum
793 872 989 923 rnen—w.
1014 859 1067 934 42,
1091 859 1145 922 43.
1261 860 1323 921 301

277 1058 417 1126 vinculis
445 1061 501 1126 vel
529 1061 691 1126 servitute
722 1061 942 1147 oppressisset,
981 1061 1083 1149 ooepit
1120 1061 1222 1128 etiam
1253 1084 1327 1128 cum

277 1163 345 1228 suis
376 1163 418 1229 de
447 1164 671 1230 ecelesiasticis
708 1169 851 1230 tractare
888 1165 1039 1250 negotiis
1101 1163 1195 1230 Fecit
1224 1165 1329 1252 igitur

278 1265 442 1352 synodum
479 1267 677 1355 congregari,
722 1266 977 1352 praesidentibus
1015 1267 1102 1332 sedis
1139 1268 1328 1355 apostolius
1339 1275 1477 1327 Faeelesius·

278 1368 404 1455 legatis,
428 1369 662 1437 Hermenfrido
685 1369 869 1435 Sedunensi
892 1369 1043 1457 episcopo
1069 1375 1103 1435 ct
1127 1371 1327 1489 presbyteris
1339 1343 1453 1463 (liniret

277 1471 497 1538 cardinalibus
519 1472 729 1538 Jobanneet
753 1472 862 1553 Petro,
885 1494 907 1537 a
928 1472 1048 1558 quibus
1070 1472 1253 1560 stigandus
1269 1473 1326 1560 qui

277 1579 316 1637 ut
340 1577 488 1661 superius
511 1575 656 1640 diximus
682 1574 818 1662 pollutis
842 1575 982 1661 pedibus
1006 1576 1231 1642 sanctuarium
1261 1577 1325 1641 De1
1337 1580 1486 1645 Deposmo

276 1678 531 1758 conculcaverat,
546 1678 637 1744 omni
659 1677 765 1765 gloria
786 1682 821 1743 et
843 1677 967 1743 honore
989 1677 1149 1765 spoliatus
1163 1683 1198 1744 et
1213 1702 1234 1744 a
1248 1701 1359 1767 rege,
1337 1648 1368 1696 οἱ
1361 1648 1496 1764 ιὸῗῖωᾱῖ

278 1777 441 1845 Willclmo
466 1786 626 1867 perpetuo
649 1802 774 1846 carcere
797 1781 1034 1846 condemnatus
1056 1785 1114 1847 est
1161 1781 1473 1848 Sueoesitceededbr

275 1879 386 1946 huic
377 1905 413 1946 ιιι
444 1883 599 1948 cathedra
630 1882 863 1949 cantuariensi
893 1883 998 1949 abbas
1028 1882 1240 1963 Ianlianous,
1274 1846 1470 1949 virm&

274 1984 489 2070 undecunque
534 1985 748 2066 doctissimus,
795 1985 944 2051 omnium
993 1986 1092 2052 etiam
1139 1985 1324 2052 liberalium

274 2087 397 2152 artium
427 2087 679 2174 divinarumque
709 2087 808 2152 simul
833 2111 872 2155 ac
901 2089 1107 2156 saeeularium
1137 2089 1324 2156 litterarum

275 2188 500 2274 peritissimus
546 2190 613 2255 Hic
642 2190 747 2277 igitur
777 2190 872 2276 quasi
902 2192 1103 2258 constitutus
1134 2213 1155 2256 a
1183 2191 1256 2257 Deo
1285 2197 1325 2256 ut

276 2291 428 2358 evelleret
452 2298 486 2358 ct
511 2293 686 2380 dissiparet
716 2299 750 2358 et
781 2293 984 2380 disperderet
1014 2300 1049 2360 et
1079 2293 1260 2361 aedificaret
1290 2300 1325 2358 et

275 2394 451 2480 plantaret,
488 2394 656 2461 ecelesiam
693 2396 881 2484 Anglorum
918 2397 962 2462 ad
999 2419 1120 2463 novam
1158 2397 1324 2482 quandam

274 2496 415 2582 speciem
459 2519 611 2562 revocare
655 2498 832 2586 legationis
876 2521 946 2565 suae
982 2499 1089 2565 fultus
1126 2500 1325 2565 auctoritate

276 2604 419 2664 conatur.
477 2599 589 2688 Coepit
618 2607 730 2668 autern
768 2625 847 2668 mox
877 2602 1070 2689 corrigenda
1099 2602 1260 2688 corrigere
1291 2607 1326 2667 et

274 2703 452 2767 statuenda
475 2707 630 2784 statuere,
661 2704 784 2770 clericis
815 2704 918 2770 etiam
949 2711 984 2770 et
1009 2704 1179 2770 monachis
1208 2704 1325 2769 hones

275 2805 392 2869 tiorem
419 2805 557 2870 vivendi
586 2805 726 2873 formam
751 2807 971 2894 praescribere
1017 2807 1118 2894 Apud
1150 2806 1239 2871 hunc
1269 2828 1323 2871 vrr
1335 2826 1443 2885 wlstan

275 2906 412 2973 Domini
433 2907 606 2975 Wlstanus
627 2910 852 2998 simplicitatis
875 2916 910 2978 ot
939 2910 1116 2999 imperitiae
1138 2914 1341 2987 accusatur„
1335 2894 1483 2944 ⁸⁰⁰¹¹⁸²d⁰f

272 3016 307 3073 et
332 3010 427 3095 quasi
450 3010 548 3076 homo
572 3012 678 3078 idiota
701 3018 737 3079 et
760 3015 830 3080 sine
857 3013 980 3079 littoris
1007 3012 1221 3100 deponendus
1244 3033 1320 3098 rege
1312 2961 1483 3091 linriqmuiieed

274 3113 496 3178 consentiente
522 3113 576 3179 vel
603 3116 703 3180 etiarn
728 3114 829 3181 hoc'
818 3138 929 3202 rpsum
957 3114 1187 3202 praescribente
1214 3114 1322 3178 decer-
1309 3094 1493 3223 -ffisstssml

274 3217 373 3280 nitur.
420 3214 567 3303 Igitur
557 3239 593 3281 m
615 3218 743 3305 synodo
759 3240 859 3305 quam
882 3218 972 3303 apud
988 3216 1319 3282 westmonasterium
1334 3225 1452 3304 suffand

274 3340 349 3405 rege
383 3317 547 3385 Willelmo
584 3326 745 3407 praesente
776 3320 955 3387 celebravit
986 3318 1193 3397 Lanfrancus,
1232 3306 1399 3409 interffissfft

273 3427 381 3486 cetera
404 3443 477 3506 quae
501 3422 661 3489 tractavit
684 3423 819 3511 negotia
844 3422 938 3487 iubet
959 3421 1182 3487 venerabilem
1209 3422 1320 3486 virum
1333 3331 1464 3543 Ψεέῐωη,

273 3523 461 3589 Wlstanum
498 3524 653 3591 baculum
689 3526 854 3613 resignare
898 3546 974 3591 cum
1012 3523 1118 3590 anulo.
1183 3524 1232 3591 At
1269 3492 1404 3589 virA
1420 3497 1492 3544 ¹⁰⁷*

272 3626 409 3692 Domini
423 3627 596 3694 Wlstanus
617 3650 678 3693 nec
704 3629 803 3693 vultu
825 3633 978 3694 mutatus
1001 3627 1056 3692 vel
1081 3628 1192 3694 animo
1216 3629 1323 3693 erexit

273 3750 317 3808 se,
340 3734 374 3794 et
396 3730 525 3817 virgam
551 3730 747 3817 pastoralem
770 3752 871 3796 manu
893 3735 1048 3811 tenens,‘
1050 3729 1180 3808 ‘”Vere,
1200 3729 1321 3816 inquit,

275 3838 294 3864 “
316 3831 446 3897 domine
468 3833 715 3920 archiepiscope,
730 3854 808 3898 vere
826 3833 902 3912 scio,
928 3834 1008 3919 quia
1028 3854 1088 3898 nec
1112 3832 1174 3898 hoc
1199 3833 1322 3899 honore

269 3932 389 4020 dignus
404 3956 477 4000 sum
491 3957 551 4001 nec
573 3935 649 4001 huie
670 3935 810 4001 idoneus
831 3935 923 4000 oneri
946 3956 1007 4001 nec
1028 3934 1191 4001 sufficiens
1205 3936 1320 4001 labori.

274 4036 423 4102 Sciebam
460 4036 528 4117 hoc,
567 4060 640 4103 cum
678 4060 731 4103 me
760 4038 866 4103 clerus
896 4037 1041 4125 eligeret,
1073 4060 1148 4104 oum
1179 4038 1322 4125 episcopi

272 4144 434 4225 cogerent,
449 4162 523 4206 cum
546 4162 599 4206 me
622 4139 775 4205 dominus
796 4161 890 4206 meus
912 4162 972 4205 rex
988 4140 1173 4206 Edwardus
1195 4141 1237 4214 ad
1260 4140 1323 4206 boc

273 4241 414 4306 officium
439 4242 605 4308 invitaret
651 4241 727 4329 Ipse
741 4242 942 4308 auctoritate
965 4242 1051 4307 sedis
1073 4242 1258 4329 apostolieae
1284 4243 1321 4307 in

271 4365 360 4409 meos
385 4344 537 4410 humeros
559 4345 621 4411 hoc
645 4367 728 4410 onus
751 4346 884 4426 refudit,
910 4350 946 4411 et
971 4366 1031 4432 per
1053 4344 1142 4411 hunc
1167 4345 1321 4411 baculum

271 4467 324 4511 me
353 4447 527 4534 episcopali
555 4449 661 4536 gradu
690 4448 843 4514 investiri
879 4449 1043 4536 praeoepit
1088 4446 1134 4513 Et
1163 4470 1252 4513 nunc
1281 4453 1322 4514 tu

272 4550 466 4635 pastoralem
483 4552 612 4637 virgam
630 4552 746 4638 exigis,
769 4572 870 4638 quam
891 4572 960 4616 non
974 4550 1169 4631 tradidisti;
1191 4551 1320 4631 adimis,

271 4652 360 4737 quod
385 4674 452 4717 non
483 4653 660 4718 contulisti.
717 4652 764 4718 Et
794 4675 855 4736 ego
885 4653 1027 4739 quidem,
1058 4675 1164 4718 meam
1195 4653 1321 4717 insuffi-

271 4754 424 4818 cientiam
450 4776 518 4819 non
540 4754 697 4840 ignorans
727 4761 761 4819 et
791 4759 858 4820 tuae
889 4762 1074 4841 sanotreque
1104 4756 1220 4841 synodi
1251 4778 1322 4820 sen·
