3567 5800
438 883 486 931 DE
506 879 623 933 umus
644 877 766 932 REGUhi
787 876 987 965 lilim-III.
1011 866 1064 931 35.
1224 864 1285 929 191

1299 1247 1457 1314 Rog.n.Wed

245 1300 490 1372 cannarum.
491 1304 636 1389 -Qood
649 1304 690 1371 H
687 1304 894 1372 arboastes
915 1322 1061 1371 sororem
1075 1321 1178 1371 ecum
1195 1298 1332 1369 deditan
1300 1265 1358 1431 wd
1348 1315 1434 1432 suffita

454 1406 607 1475 Hearteo
629 1406 868 1497 imperatori
853 1428 897 1475 aa
918 1425 1063 1473 comem.
1299 1449 1368 1499 An
1386 1455 1456 1499 1041
1463 1428 1478 1529 p
1483 1426 1509 1549 p

287 1606 359 1673 Pan
405 1609 494 1674 idem
541 1614 673 1697 tempus
716 1631 775 1675 rex
820 1610 1005 1697 Anglorum
1052 1601 1287 1673 Hardecnutus
1300 1622 1386 1675 enare

244 1730 382 1775 sororem
404 1732 498 1777 suam
521 1732 562 1777 ex
596 1710 750 1777 Cnutone
781 1732 857 1800 rege
888 1716 923 1777 et
954 1710 1074 1775 Emma
1096 1708 1210 1797 regina
1231 1730 1287 1795 ge·
1301 1693 1361 1809 gau„
1332 1693 1423 1819 “iffi

244 1816 388 1878 neratam
409 1812 555 1901 ingentis
584 1812 819 1903 pulcritudinis
849 1814 993 1902 puellam
1017 1810 1195 1879 Henrico'
1185 1830 1287 1897 rmpe-
1300 1840 1375 1874 mam
1342 1776 1445 1875 need'to

244 1914 343 1980 ratori
387 1915 536 1982 Romano
579 1916 653 1983 dest
638 1914 762 1984 tinavit
806 1912 1019 1982 matrimonio
1062 1914 1288 2033 copulandam.
1301 1892 1359 2009 &gn
1346 1904 1459 2025 ‘ffgl'fff‘

245 2014 323 2084 Erat
360 2024 474 2085 autem
509 2018 580 2085 haec
618 2020 712 2107 virgo
749 2020 954 2108 temporibus
1000 2018 1092 2085 Onut
1077 2018 1165 2083 tonis
1203 2016 1289 2104 regis

245 2126 375 2209 propter
405 2122 476 2188 eius
506 2122 796 2211 incomparabilem
828 2121 1087 2211 pulcritudinem
1122 2142 1142 2185 e
1173 2117 1269 2185 mult
1244 2124 1415 2272 tiirswp

245 2224 321 2290 viris
343 2225 510 2292 nobilibus
539 2226 656 2313 petita,
679 2226 737 2293 sed
769 2248 836 2291 non
867 2226 1056 2313 impetrata
1114 2223 1187 2290 lllre
1210 2238 1346 2288 veroa
1301 2221 1405 2272 Mamm

246 2328 368 2414 nuptiae
398 2333 496 2394 tanta
528 2328 634 2415 gloria
665 2333 699 2394 et
733 2333 830 2394 tanta
862 2350 994 2447 pompa,
1025 2332 1125 2414 prout
1156 2330 1289 2392 tantum
1303 2239 1423 2353 μεθ’.

246 2428 379 2495 decebat
399 2430 673 2518 imperatorem
663 2452 699 2496 ιιι
730 2436 836 2497 tantae
857 2431 998 2519 virginis
1031 2450 1197 2518 generosae
1228 2429 1292 2495 sibi

247 2533 406 2622 coniugali
428 2534 550 2600 foedere
573 2535 745 2621 copulatae,
768 2533 941 2601 celebratae
963 2534 1105 2612 fuenrnt,
1130 2532 1218 2619 quod
1232 2554 1292 2597 rex

246 2632 343 2702 hater
379 2632 451 2701 eius
489 2634 725 2703 Hardecnutus
763 2643 798 2704 et
831 2656 945 2703 omnes
983 2636 1050 2703 fere
1087 2636 1293 2702 habitatores

246 2740 335 2826 regni
371 2738 501 2827 Angliae
531 2740 703 2806 thesauros
736 2740 809 2806 auri
840 2744 875 2806 et
907 2740 1039 2828 argenti
1072 2760 1147 2805 cum
1183 2736 1293 2825 palliis

246 2840 381 2931 gemmis
404 2848 439 2909 et
460 2842 553 2930 equis
586 2840 739 2932 pretiosis
771 2844 821 2910 ita
855 2842 1052 2923 effuderunt,
1078 2840 1168 2930 quod
1189 2862 1293 2928 usquc

246 2943 282 3010 in
302 2945 497 3012 hodiernum
519 2943 606 3010 diem
628 2947 665 3011 in
687 2945 849 3013 conviviis
880 2950 917 3013 et
948 2945 1096 3012 tabernis
1118 2945 1294 3010 histriones

248 3050 281 3112 et
315 3047 464 3114 fidicines
501 3045 732 3115 instrumentis
769 3053 804 3115 et
841 3047 977 3114 canticis
1018 3047 1104 3113 hanc
1140 3067 1293 3136 pompam

248 3149 344 3238 digne
365 3151 481 3218 efferre
507 3174 574 3218 non
605 3151 774 3218 sufficiunt
806 3149 998 3239 nuptialem.
1056 3151 1160 3218 Stetit
1182 3156 1293 3215 autem

247 3253 332 3320 inter
355 3277 410 3320 eos
432 3254 539 3321 multo
560 3257 707 3342 tempore
729 3252 837 3320 foedus
860 3253 1040 3342 coniugalis
1062 3253 1201 3318 amoris·
1235 3252 1292 3318 sed

249 3359 421 3423 nouissime
443 3379 465 3422 a
486 3357 657 3424 discordiae
679 3355 933 3424 seminatoribus
956 3354 1102 3423 Gunilda
1124 3359 1175 3422 est
1204 3355 1359 3442 apuder
1303 3374 1359 3506 tfirteyr
1363 3375 1439 3506 phase
1425 3444 1456 3492 eu

248 3457 474 3547 imperatorem
496 3459 537 3526 de
558 3457 695 3526 crimine
717 3459 874 3526 adulterii
896 3462 1057 3526 accusaa.
1108 3457 1407 3574 Oportebatbyom
1363 3511 1406 3559 reu
1407 3509 1438 3560 at

248 3583 322 3649 ergo
353 3563 450 3628 iuxta
483 3567 617 3629 consuet
602 3561 752 3628 tudinem
785 3562 940 3650 regionis,
975 3567 1015 3629 ut
1053 3561 1200 3628 Gunilda
1236 3584 1294 3650 per

249 3665 390 3730 duellum
434 3668 550 3731 contra
586 3671 808 3732 accusatorem
849 3667 1013 3754 giganteae
1062 3665 1295 3732 immensitatis

248 3765 411 3834 hominem
447 3767 569 3833 famam
606 3789 674 3835 suae
709 3767 867 3856 puritatis
905 3769 1089 3835 redimeret.
1150 3767 1216 3836 Sed
1253 3791 1295 3834 ex

249 3871 398 3936 omnibus
419 3867 583 3936 militibus
604 3871 659 3938 vel
682 3869 844 3937 ministris
866 3893 927 3938 nec
949 3893 1035 3938 unus
1050 3871 1116 3937 fuit
1138 3872 1296 3938 inventus

249 3973 401 4058 quicum
431 3973 492 4038 illa
524 3974 567 4039 ab
600 3969 725 4062 Anglia
757 3980 927 4057 venerant,
962 3975 1020 4062 qui
1054 3975 1189 4040 auderet
1221 3996 1296 4040 oum

249 4073 392 4141 delatore
429 4075 592 4164 congredi,
631 4079 766 4165 propter
796 4077 994 4144 horrendam
1039 4074 1182 4165 corporis
1227 4077 1297 4143 eius

249 4175 497 4245 deformitatem.
566 4178 717 4266 Cumque
767 4179 922 4246 Gunildae
979 4181 1142 4268 angustiae
1188 4187 1297 4246 essent

249 4280 403 4367 undique,
425 4303 509 4369 puer
531 4279 665 4368 quidam
689 4301 786 4370 quem
809 4283 852 4348 ab
875 4283 1000 4371 Anglia
1034 4305 1144 4348 secum
1170 4283 1299 4348 addux-

250 4390 320 4449 erat
343 4385 436 4450 etin
467 4385 537 4450 eius
570 4381 718 4452 thalamo
750 4386 908 4452 educatus
938 4386 1052 4464 fuerat,
1078 4385 1135 4472 qui
1166 4386 1294 4452 nanus¹

250 4492 320 4554 erat
335 4493 371 4554 et
384 4491 519 4576 propter
540 4489 683 4575 corporis
704 4491 906 4577 parvitatem
930 4489 1101 4555 Mimekan
1116 4489 1296 4572 dicebatur,

524 4801 635 4871 ἰαιιι]
653 4801 744 4858 Maon
761 4803 881 4868 Wesm3
899 4819 989 4872 vanus,
1001 4804 1058 4861 ΜΒ.
