3567 5800
563 860 630 925 238
828 872 892 923 sm.
915 872 963 921 ua
985 872 1120 924 emma
1142 872 1233 925 arse
1256 876 1345 927 mss.

560 1064 617 1129 sed
655 1085 770 1151 regum
808 1064 991 1129 munimine
1032 1064 1182 1151 deinceps
1218 1066 1309 1133 locus
1351 1066 1422 1155 ipse
1463 1072 1580 1144 tueatur,

559 1170 693 1255 ipseque
741 1166 844 1233 abbas
892 1167 964 1253 regi
1000 1168 1062 1232 soli
1114 1168 1268 1245 serviens,
1305 1172 1503 1237 commissum
1533 1169 1583 1234 sibi
1688 1219 1689 1248 ,

558 1292 691 1360 gregem
709 1271 875 1359 spirituali
890 1276 926 1336 et
946 1270 1121 1357 temporali
1142 1278 1242 1359 pastu
1264 1272 1471 1339 abundanter
1486 1274 1579 1339 foveat

559 1375 710 1443 Gonoessi
726 1377 827 1442 etiam
850 1380 885 1441 et
899 1374 1091 1441 confirmavi
1114 1375 1306 1442 donationes
1329 1399 1405 1465 quae
1426 1378 1466 1444 ab
1483 1374 1579 1443 ebdom

557 1480 689 1564 regibus
711 1483 789 1545 ante
804 1500 857 1545 me
879 1476 1011 1545 donatae
1026 1476 1132 1543 sunt”

602 1583 648 1648 Et
662 1582 759 1649 infra.

603 1693 621 1723 “
638 1684 800 1751 Relaxavi
822 1684 928 1771 igitur
950 1683 1203 1749 consuetudines
1226 1704 1339 1750 omnes
1362 1691 1399 1752 et
1419 1684 1577 1753 exactiones

557 1788 717 1877 regalium
733 1794 768 1854 et
783 1786 1015 1873 episcopalium
1030 1786 1266 1868 ministrorum,
1288 1789 1377 1855 sieut
1391 1796 1577 1856 antecemore

557 1893 622 1957 mei
644 1914 735 1979 reges
758 1890 849 1978 prius
872 1890 1032 1964 fecemnt
1054 1893 1094 1955 ut
1124 1890 1224 1955 nullis
1249 1898 1433 1977 graventur
1454 1892 1576 1958 oneribus

556 1995 813 2083 expeditionum,
829 2014 890 2059 nee
910 1993 1062 2079 pontium
1086 1993 1141 2057 vel
1170 1997 1354 2059 castrorum
1379 1996 1575 2070 restructione,

556 2120 616 2165 nec
653 2098 733 2163 finis
763 2096 1028 2184 apprehensione.
1087 2095 1135 2160 Et
1172 2097 1283 2161 omnia
1320 2119 1395 2184 quae
1428 2100 1468 2165 ad
1492 2099 1575 2163 loona

555 2202 663 2288 ipsum
694 2200 870 2288 pertinent,
905 2200 975 2265 sint
1003 2198 1138 2264 omnino
1160 2198 1290 2279 libera3
1331 2200 1432 2281 celles,
1452 2202 1574 2277 cocleis,

555 2302 758 2384 ooemeteria,¹
784 2310 889 2383 terrae,
905 2326 1033 2391 pascua,
1048 2304 1150 2382 silvae,
1166 2303 1369 2383 venationes,
1384 2328 1483 2393 aqua,
1495 2307 1574 2393 pisce

553 2411 669 2490 tiones,
700 2432 774 2476 oum
816 2408 986 2486 reditibus,
1023 2407 1176 2486 servitiis,
1207 2407 1336 2487 debitis,
1373 2408 1573 2483 oblationibus

553 2513 778 2592 luminaribus,
795 2511 938 2590 decimis,
955 2510 1110 2590 donariis,
1127 2532 1236 2587 censu,
1258 2512 1443 2593 momhidis,
1464 2512 1573 2599 legibus

552 2616 851 2696 consuetudinibus,
881 2636 1052 2681 causamm
1082 2613 1369 2695 discussionibus,2
1401 2614 1573 2682 emendatio

552 2720 659 2798 nibus,
684 2720 755 2786 sive
777 2719 1012 2786 ecelesiasticis
1041 2717 1112 2783 sivo
1144 2718 1364 2799 sacularibus,
1388 2725 1423 2785 et
1450 2717 1574 2785 omnibus

552 2846 753 2912 qwounque
793 2824 923 2911 scriptis
953 2827 988 2887 et
1017 2821 1207 2887 testimonio
1235 2821 1396 2887 bonorum
1433 2823 1572 2888 bominum

552 2929 761 2996 rememorari
800 2929 989 3015 potuerunt
1028 2947 1103 3012 quus
1146 2947 1167 2989 o
1199 2924 1332 3010 regibus
1369 2947 1508 2993 concessa
1531 2923 1572 2988 ve]

552 3033 757 3099 concedenda
779 3036 867 3111 sunt,
893 3035 933 3096 ut
954 3028 1066 3094 nullus
1089 3049 1130 3093 cx
1145 3027 1196 3092 his
1222 3027 1415 3096 subtrahere
1427 3031 1479 3096 vel
1497 3028 1571 3093 dimi-

553 3157 652 3203 nuere
668 3140 727 3202 aut
743 3135 930 3221 disperdere
943 3131 1092 3221 qualibet
1107 3130 1272 3196 occasione
1286 3131 1408 3200 iudicio
1429 3134 1479 3199 vel
1489 3137 1573 3220 potes·

552 3245 624 3306 tate
639 3237 842 3327 praesumat'’

597 3343 643 3408 Et
656 3342 750 3408 infru

384 3441 523 3495 cenfirma-
600 3445 678 3511 “Et
716 3451 755 3511 ut
786 3443 898 3510 omnia
937 3440 1139 3508 concludam.
1199 3439 1321 3508 Nullus
1357 3440 1570 3510 succedentium

382 3510 478 3650 ‘giffudi
552 3571 667 3636 regum
708 3571 766 3636 per
802 3547 872 3611 vim
909 3550 969 3611 aut
998 3567 1057 3632 per
1091 3545 1359 3611 consuetudinem
1396 3552 1515 3634 pastum
1538 3543 1570 3608 ab

552 3673 665 3717 eorum
681 3648 938 3739 possessionibus
953 3648 1089 3734 exigat3
1110 3646 1169 3711 sed
1180 3647 1403 3714 omnimodam
1415 3649 1571 3714 fiumen

550 3753 788 3843 perpetualiter
809 3751 964 3818 habeant.
1019 3750 1099 3815 Post
1128 3748 1213 3815 hanc
1236 3752 1444 3819 donationem
1465 3771 1571 3818 excom·

549 3859 802 3926 manicaverunt
833 3878 946 3921 omnes
967 3853 1109 3942 episcopi
1132 3856 1166 3916 et
1187 3853 1324 3921 abbates
1346 3856 1449 3922 totius
1462 3853 1569 3940 Angiia

548 3966 583 4027 et
624 3961 776 4028 monaehi
814 3965 848 4025 et
885 3959 1002 4038 cleriei,
1048 3955 1226 4022 seeundum
1264 3958 1433 4046 apostolici
1472 3956 1569 4023 Iconis

549 4071 757 4154 preceptum,
782 4085 837 4129 eos
867 4063 926 4148 qui
955 4063 1016 4127 hoc
1045 4059 1262 4126 constitutum
1292 4063 1503 4151 infringerent
1526 4057 1568 4123 rel

547 4171 684 4256 infringi
709 4167 947 4256 permitterent,
974 4170 1136 4254 quantum
1161 4169 1197 4233 in
1219 4166 1299 4254 ipsis
1320 4173 1412 4232 esset
1454 4163 1567 4249 Siquis
1687 4238 1689 4241 Ι

547 4297 622 4360 ergo
647 4273 730 4338 hano
761 4269 973 4336 donationem
1005 4291 1125 4358 augere
1155 4279 1190 4339 et
1220 4269 1418 4358 amplificare
1438 4267 1568 4343 voluerit,

546 4383 666 4464 augeat
691 4377 780 4441 Deus
805 4374 874 4439 dies
900 4372 970 4438 eius
997 4395 1167 4463 prosperos
1189 4375 1243 4440 hic
1273 4379 1309 4439 et
1335 4375 1371 4439 in
1393 4373 1500 4438 futuro.
1538 4368 1567 4433 Si

545 4485 657 4546 autem
700 4477 855 4556 evenerit,
894 4491 934 4542 ut
963 4475 1083 4563 aliquis
1112 4485 1172 4546 aut
1200 4499 1316 4565 regum
1347 4473 1565 4544 secedentium

578 4775 585 4803 ¹
597 4773 742 4838 coemeterio]
761 4769 893 4835 cimiteria,
907 4770 963 4822 MS·
1053 4770 1060 4840 Ι
1113 4772 1337 4841 ²diacussr'oaidm]
1350 4755 1506 4836 discordium,
1515 4769 1563 4820 MS.
