3567 5800
511 870 575 934 160
768 885 833 935 uro.
856 885 904 933 na
927 885 1060 935 orama
1086 884 1173 934 susc.
1199 886 1286 936 mss.

510 1078 597 1149 sunt,
627 1078 667 1138 ut
695 1075 807 1160 pridie,
839 1079 1021 1160 spontanea
1049 1075 1230 1141 voluntate.
1290 1077 1340 1144 At
1368 1077 1427 1142 ubi
1457 1077 1555 1164 pluri-

510 1197 600 1241 mum
630 1177 737 1241 noetis
765 1176 983 1264 processisset,
1015 1177 1125 1243 Gnuto
1155 1201 1231 1243 suos
1268 1179 1328 1244 sub
1359 1179 1491 1246 silentio
1519 1180 1553 1244 in

510 1279 625 1344 eastris
648 1280 738 1343 abire
762 1281 937 1366 praeeepit3
965 1284 999 1344 et
1024 1301 1136 1345 versus
1156 1281 1361 1346 Londoniam
1387 1283 1452 1347 iter
1477 1283 1553 1346 arri-

342 1376 459 1427 cnutre·
510 1383 603 1468 piens
632 1388 666 1447 et
695 1383 738 1446 ad
767 1403 868 1447 naves
897 1405 972 1447 suas
1002 1383 1147 1462 vesiana,
1174 1383 1288 1448 urbem
1318 1386 1440 1451 iteruin
1472 1385 1552 1448 Lon-

342 1459 411 1494 ueus
422 1441 465 1491 the
578 1485 585 1498 ,
807 1485 815 1498 .

342 1512 411 1574 siege
421 1510 452 1559 of
511 1485 681 1548 domatum
705 1483 843 1549 obsedit.

342 1579 455 1629 Ioudou.

341 1853 412 1903 wiu.
556 1845 802 1911 consummo.
871 1843 969 1924 Quod
993 1865 1050 1908 ran
1074 1841 1272 1927 raptu-om
1297 1841 1509 1909 Edmundas

341 1922 497 2052 wib&
845 1947 1034 2012 Orurtonem
1058 1953 1107 2012 ter
1129 1946 1220 2013 uicit.

342 2053 469 2113 antium,

340 2121 495 2237 ffit‘ffl·
554 2140 661 2202 MANE
683 2143 793 2203 autem
828 2139 924 2216 facto,
948 2161 1020 2203 cunr
1053 2160 1112 2202 rex
1143 2135 1327 2224 Anglorum
1360 2136 1551 2202 Edmuudus

343 2260 413 2305 loro.
489 2227 619 2306 ¹Dauos
650 2242 809 2326 comperit
831 2241 1004 2328 aufugisse,
1027 2241 1064 2306 in
1086 2239 1351 2307 westsaxoniam
1372 2241 1549 2306 revertitur

507 2345 661 2409 maiorem
700 2344 879 2408 exercitum
919 2343 1119 2409 oollooturus.
1181 2342 1283 2408 Cuius
1320 2344 1550 2408 strenuitatem

507 2447 616 2532 iniqus
662 2446 730 2512 dux
785 2447 944 2511 Eadrious
997 2447 1206 2532 comperiens,
1252 2445 1347 2510 venit
1391 2446 1435 2509 ad
1480 2465 1550 2509 eum

505 2550 742 2630 fraudulenter,
780 2555 821 2614 ut
866 2571 941 2614 eum
979 2550 1140 2636 proderet,
1178 2549 1339 2614 instinctu
1379 2547 1549 2626 Onutonis,

505 2660 539 2719 et
557 2652 651 2740 paue¹
675 2655 835 2716 intereos
854 2653 1046 2717 confirmata
1068 2651 1246 2716 Edmundo
1265 2651 1337 2738 regi
1356 2650 1549 2715 fidelitatem

505 2757 661 2843 promisit.
707 2755 825 2841 Itaque
859 2777 917 2819 rex
951 2755 1144 2820 Edmundus
1177 2755 1278 2820 tertia
1299 2754 1370 2819 vieo
1402 2755 1548 2818 exercitu

505 2863 710 2948 congregata
734 2858 821 2924 cives
842 2857 1085 2924 Londonisnses
1099 2857 1243 2923 obsessos
1261 2857 1425 2935 liberavit,
1444 2857 1551 2923 Dauos

506 2965 550 3029 ad
587 2986 688 3029 naves
720 2962 859 3049 fugavit,
898 2967 932 3026 et
969 2962 1057 3048 apud
1100 2960 1337 3025 Breinfordiam
1371 2959 1551 3025 Tlramense

338 3078 471 3129 Detestor
507 3068 631 3133 flumen
653 3067 826 3145 transiens,
848 3087 923 3130 eum
955 3062 1062 3129 Danis
1089 3070 1206 3149 quarto
1228 3062 1344 3149 proelio
1367 3064 1550 3141 commisit;

337 3145 380 3196 the
390 3145 416 3195 1)
417 3162 482 3197 ω·
508 3177 542 3237 et
563 3171 629 3236 illis
654 3172 796 3257 turpiter
829 3168 871 3233 de
902 3188 1015 3253 campo
1048 3167 1178 3254 fligatis,
1202 3166 1373 3232 victoriam
1395 3167 1433 3230 iu
1456 3167 1549 3231 hasta

507 3280 541 3340 et
563 3274 673 3362 gladio
696 3272 760 3338 sibi
782 3293 841 3337 rex
873 3269 1076 3356 comparavit
1109 3269 1314 3349 Edmundus,
1338 3274 1373 3334 ot
1395 3268 1549 3334 festivum

505 3379 584 3445 belli
615 3380 711 3443 decus
745 3373 899 3462 optinuit.
954 3372 1064 3438 Onuto
1096 3392 1174 3436 vero
1208 3370 1251 3436 ad
1282 3394 1384 3437 naves
1407 3373 1549 3459 fugatus,

506 3480 662 3550 Cantiam
693 3480 900 3567 praedaturus
932 3475 1045 3540 exivit.
1100 3474 1225 3540 Contra
1258 3496 1354 3561 quem
1389 3497 1450 3539 rex
1485 3476 1550 3539 An-

338 3600 463 3650 Battleof
503 3587 631 3672 glorum
666 3581 860 3647 Edmundus
890 3578 1072 3645 exereitum
1105 3578 1234 3655 ducens,
1256 3578 1354 3643 iuxta
1377 3577 1550 3643 Otteiorde

338 3668 434 3719 OM
503 3710 577 3753 eum
599 3686 748 3751 hostibus
766 3683 920 3771 puralium
942 3680 1111 3747 eommisit
1156 3681 1206 3746 At
1228 3680 1278 3745 illi
1299 3680 1463 3767 impetum
1485 3681 1551 3745 eius

503 3813 570 3857 non
584 3790 733 3866 ferentes,
756 3793 852 3873 terga
883 3784 1054 3864 dederunt,
1078 3788 1113 3848 et
1134 3782 1170 3847 in
1193 3782 1384 3869 Sebepeiam
1407 3783 1548 3848 insulam

504 3896 616 3983 fugam
647 3893 803 3958 feceruut.
858 3889 951 3953 Tune
972 3908 1032 3952 rex
1054 3886 1250 3951 Edmundus
1271 3887 1307 3950 in
1331 3886 1546 3951 Westssxiam

504 3998 709 4088 proficiscens
747 3992 893 4061 Onutoni
924 3991 1077 4078 gnaviter
1107 4010 1310 4076 progressum
1356 3990 1549 4075 exploravit

337 4118 443 4170 enutin
506 4104 617 4169 Cnuto
638 4121 717 4165 vero
738 4095 943 4186 provinciam
974 4091 1168 4158 Marciorum
1200 4092 1406 4179 praedaturus
1441 4114 1547 4158 ascen

336 4187 439 4238 Meuia.
504 4209 594 4286 dens,
612 4208 712 4291 atque
734 4202 823 4267 vicos
845 4204 880 4264 et
900 4197 997 4263 villas
1019 4195 1142 4282 rapinis
1164 4194 1323 4259 incendiis
1345 4194 1549 4281 (aedibusque

505 4308 714 4397 depopulans,
759 4300 918 4368 exercitui
972 4319 1030 4363 suo
1083 4296 1195 4383 peiora
1238 4295 1402 4384 prioribus
1448 4298 1548 4361 faeere

504 4410 667 4499 praeoepit.
739 4405 804 4471 Sed
842 4403 935 4468 vafer
990 4400 1046 4464 ille
1098 4404 1134 4464 et
1190 4399 1337 4485 proditor
1393 4402 1547 4485 pessimus

505 4515 671 4592 Esdrious,
705 4508 839 4576 consilio
873 4504 1037 4573 Onutonis
1078 4503 1156 4567 ficto
1201 4502 1325 4566 dudum
1363 4502 1477 4567 animo
1512 4501 1547 4564 in

1257 4704 1529 4711 ..m—..un-

509 4717 711 4729 -——..—..

873 4823 880 4853 ¹
896 4818 974 4886 paee]
993 4816 1141 4883 parte,MS.
