3567 5800
485 893 531 941 ns
553 890 668 941 oneris
690 890 810 943 suoru
831 890 1026 942 luen-lv.
1044 878 1093 941 16.
1242 875 1307 938 233

255 1080 360 1158 retus,
390 1076 495 1143 accito
525 1078 654 1144 notario
693 1100 767 1164 quae
798 1078 928 1144 viderat
951 1077 1006 1143 vel
1031 1076 1184 1141 audierat
1220 1076 1309 1141 sche-

255 1179 344 1245 dulae
366 1180 534 1265 literisque
557 1179 743 1261 commisit3
781 1184 816 1245 et
845 1180 981 1247 tradens
1002 1178 1175 1267 epistolam
1198 1177 1310 1243 baiulo
1362 1212 1368 1221 ·

257 1281 301 1347 ad
339 1282 463 1347 curiam
497 1304 571 1369 quae
605 1282 720 1349 multis
752 1292 832 1349 tuno
869 1282 1004 1347 milibus
1041 1282 1164 1361 aberat,
1203 1284 1243 1345 ut
1280 1279 1311 1343 ei

258 1385 368 1449 fuerat
412 1384 621 1471 imperatum,
677 1385 808 1451 direxit.
887 1384 939 1449 Es
982 1383 1086 1471 igitur
1131 1383 1185 1449 die
1241 1382 1312 1447 loco

258 1486 372 1553 eodem
402 1487 439 1551 iu
462 1486 574 1554 eodem
598 1487 733 1554 concilio
755 1510 820 1575 quo
846 1488 949 1575 legati
971 1486 1144 1554 redeuntes
1166 1486 1209 1551 ab
1231 1486 1313 1551 urbe

258 1588 475 1674 apostolicum
497 1590 637 1656 retulere
659 1590 861 1666 mandatum,
879 1589 1018 1676 epistola
1037 1594 1149 1655 autem
1164 1588 1231 1654 viri
1246 1586 1312 1653 Dei

260 1690 327 1779 regi
359 1696 559 1778 praesentata
580 1692 746 1780 profertur
774 1692 810 1757 in
841 1691 996 1772 medium,
1026 1691 1175 1778 lectoque
1205 1691 1311 1755 sancti

259 1815 353 1882 papae
377 1794 496 1861 Leonis
517 1796 682 1881 rescripto,
707 1794 777 1861 loco
807 1795 958 1881 sequenti
979 1795 1070 1860 beati
1092 1794 1180 1859 senis
1202 1793 1310 1879 apices
1323 1808 1378 1859 The
1390 1810 1474 1875 pope's

259 1897 450 1978 recitantur,
475 1920 553 1965 voce
576 1898 732 1964 exteriori
753 1920 792 1963 ec
813 1898 918 1963 iubilo
940 1897 1090 1963 interiori
1104 1896 1311 1963 benedicitur
1322 1877 1373 1926 anu
1384 1875 1440 1927 ¹¹²¹*

1322 1943 1479 1995 mit'alctters

260 1999 351 2065 Deus
381 2000 417 2064 in
447 2000 542 2065 donis
572 2002 648 2081 suis,
680 2006 715 2067 et
738 2000 895 2067 laudatur
916 2000 953 2064 in
985 2001 1137 2067 omnibus
1159 2000 1311 2087 operibus
1322 2009 1472 2127 sucepit&

260 2102 339 2168 suis.
386 2102 553 2169 Mirantur
575 2124 689 2169 omnes
711 2104 797 2191 regis
820 2104 1040 2181 sanctitatem,
1067 2102 1311 2189 amplectuntur
1322 2092 1407 2207 ξζΐοῐ
1420 2106 1480 2195 the-

259 2206 400 2293 apostoli
430 2207 587 2294 gloriam
624 2206 860 2272 confirmantur
889 2206 925 2271 in
946 2206 1020 2287 fide,
1044 2227 1102 2293 spe
1125 2228 1147 2271 a
1174 2206 1406 2273 eueniekinrs

260 2310 304 2374 ad
326 2309 474 2375 scelestis
496 2310 706 2389 attolluntur,
731 2309 767 2376 iu
789 2308 854 2375 Dei
885 2331 995 2374 amore
1017 2308 1175 2374 sincerius
1201 2331 1312 2375 accen·

260 2414 395 2479 duntur.
449 2412 500 2478 De
531 2414 653 2479 oraculi
683 2414 825 2479 veritate
854 2412 950 2479 nulla
977 2414 1089 2500 potuit
1119 2435 1188 2479 esse
1218 2434 1314 2478 cunc·

260 2518 357 2596 tatio,
381 2538 456 2581 cum
478 2516 515 2581 in
530 2514 764 2604 Wygornienai
787 2517 960 2604 provincia
982 2517 1036 2581 vir
1057 2516 1114 2582 ille
1135 2516 1181 2582 ab
1206 2516 1314 2582 homi·
1425 2604 1432 2614 ι

1322 2277 1428 2327 couneil.

260 2642 343 2685 num
372 2620 618 2687 conversatione
647 2618 800 2700 seclusus,
831 2620 912 2705 quid
935 2620 1053 2704 Romae
1073 2620 1208 2707 egerint,
1233 2620 1314 2706 quid

151 2726 157 2733 '
259 2726 297 2789 in
319 2723 486 2789 mandatis
508 2722 700 2811 acceperint,
731 2724 906 2810 quandove
935 2724 1103 2802 redierint,
1133 2724 1215 2790 scire
1245 2745 1314 2789 non

260 2827 326 2892 nisi
349 2826 420 2892 Deo
443 2826 611 2892 revelante
633 2828 788 2914 potuerit.
833 2825 925 2891 Tunc
947 2848 1006 2893 rex
1024 2826 1120 2893 letus
1142 2832 1178 2893 et
1199 2827 1312 2907 alacer,

259 2936 302 2996 ut
334 2931 364 2996 ei
399 2929 507 2996 fuerat
531 2929 760 3011 constitutum,
789 2931 963 3016 pecuniam
987 2951 1087 3018 quam
1110 2929 1147 2995 in
1172 2931 1315 3018 peregri·

259 3033 406 3099 nationis
438 3055 506 3100 suae
537 3032 693 3098 solacium
727 3038 959 3119 procuraverat
989 3033 1142 3120 dispersit
1164 3038 1200 3098 et
1222 3033 1315 3099 dedit

260 3137 468 3226 pauperibus,
496 3137 651 3224 operique
676 3137 824 3202 iniuncto
857 3135 1033 3201 intendens
1061 3136 1209 3202 smmum
1240 3137 1313 3202 the·

259 3261 373 3306 sauros
395 3239 521 3306 otlirdit.
571 3238 710 3326 Insuper
732 3245 767 3304 et
790 3238 956 3304 tributum
977 3237 1062 3304 illud
1082 3238 1312 3327 gravissimum
1325 3263 1458 3314 Aeolidos

260 3344 353 3430 quod
381 3347 528 3429 tempore
557 3340 735 3430 patrissui
766 3343 873 3428 primo
904 3341 999 3407 classi
1030 3342 1165 3408 Danicae
1194 3329 1453 3450 pende-“lym

260 3448 370 3526 batur,
400 3444 610 3533 postmodum
640 3467 719 3511 vero
749 3444 827 3510 fisco
857 3444 948 3531 regio
977 3445 1074 3512 anuis
1103 3446 1242 3533 singulis
1263 3413 1392 3511 in-ges

260 3541 438 3629 ferebatur,
473 3548 564 3636 regia
594 3547 793 3615 liberalitate
823 3548 958 3626 remisit,
990 3554 1025 3615 et
1053 3549 1096 3616 ab
1126 3571 1223 3615 onere
1252 3548 1314 3615 boc

261 3651 468 3739 importabili
505 3653 541 3717 in
578 3657 774 3739 perpetuum
811 3651 969 3738 Angliam
1010 3643 1160 3718 absolvit.
1215 3653 1314 3719 Unde

260 3761 378 3822 sancto
415 3754 492 3820 huic
528 3755 599 3842 regi
635 3776 704 3820 non
741 3753 1013 3821 inconvenienter
1050 3762 1185 3842 aptatur
1226 3757 1314 3844 quod

262 3856 423 3944 scriptum
458 3855 549 3924 est2¹
600 3857 754 3922 “Beatus
788 3858 842 3922 vir
873 3858 930 3945 qui
962 3858 1119 3925 iuventus
1155 3865 1206 3926 est
1243 3859 1315 3925 sine

259 3961 401 4041 macula,
425 3964 460 4026 et
490 3959 549 4046 qui
578 3965 652 4047 post
674 3981 792 4024 aurum
821 3983 889 4026 non
911 3961 1003 4039 abiit,
1025 3983 1087 4027 nec
1108 3961 1253 4048 speravit
1278 3962 1316 4026 in

260 4063 410 4154 pecuniae
433 4061 622 4128 thesauris.”
668 4061 831 4129 Inventus
854 4069 905 4128 est
927 4064 1015 4129 enim
1038 4064 1109 4129 sine
1131 4063 1258 4129 macula
1273 4066 1316 4130 ob

260 4166 475 4256 privilegium
508 4165 692 4246 castitatis3
729 4172 806 4254 post
838 4187 957 4231 aurum
994 4188 1061 4232 non
1094 4167 1187 4245 abiit,
1227 4168 1316 4253 quod

261 4271 378 4359 potius
408 4269 581 4356 dispersit3
618 4290 679 4334 nec
708 4267 746 4333 in
775 4268 939 4334 thesauris
972 4269 1126 4355 speravit,
1161 4291 1243 4355 quos
1281 4270 1317 4335 in

264 4373 331 4439 Dei
361 4393 456 4458 opere
486 4392 552 4436 non
586 4377 656 4437 tam
688 4371 819 4452 minuit,
851 4393 950 4459 quam
981 4373 1191 4459 consumpsit.
1237 4370 1317 4454 Quis

262 4482 318 4544 est
340 4475 418 4540 hiet
447 4481 482 4540 et
504 4475 711 4541 laudabimus
734 4497 816 4542 curu.
864 4475 959 4542 Fecit
981 4475 1069 4541 enim
1096 4477 1260 4542 mirabilia
1281 4477 1317 4542 in

669 4807 675 4837 ¹
690 4807 788 4859 licelua.
801 4807 875 4860 xxxi.
888 4813 911 4858 8.
