3567 5800
517 833 581 895 '144
780 848 845 899 aro.
869 850 917 898 uu
940 850 1073 901 cismo
1096 852 1182 901 senc.
1206 854 1291 905 msr.

347 1135 436 1255 ml
450 1204 478 1254 ii.
958 1154 1121 1241 Epistola.

348 1274 433 1335 §ise

346 1354 472 1407 Iaeneror
559 1362 578 1387 “
599 1354 767 1419 lohannes
787 1355 1072 1442 quintusdecimus
1093 1360 1217 1423 sunctae
1238 1357 1399 1424 Romame
1419 1356 1545 1423 ecclesie

345 1436 414 1539 ffi
423 1490 484 1542 xv,
511 1478 606 1543 papa
653 1456 688 1521 N
690 1457 819 1522 overint
844 1479 957 1523 omnes
981 1464 1104 1525 sanctes
1130 1460 1247 1525 matris
1273 1462 1416 1527 eeclesiae
1442 1460 1546 1533 fideles,

511 1566 546 1626 et
568 1561 674 1625 nostri
698 1561 870 1647 utriusque
895 1562 1021 1627 ordinis
1046 1585 1106 1649 per
1127 1561 1261 1628 elimata
1282 1564 1395 1630 saeculi
1418 1563 1544 1641 dilatati,

512 1664 655 1749 qualiter
678 1664 775 1729 nobis
800 1665 942 1731 relatum
968 1671 1019 1731 est
1041 1687 1061 1731 a
1084 1687 1184 1752 quam
1208 1666 1359 1753 pluribus
1383 1666 1424 1731 de
1449 1666 1545 1729 inimi-

510 1768 589 1832 citia
616 1767 784 1832 Ethelredi
817 1768 990 1833 Saxonum
1023 1768 1285 1835 Occidentalium
1317 1770 1405 1857 regis
1433 1789 1545 1834 necnon

510 1874 545 1934 et
569 1870 701 1934 Ricardi
729 1871 936 1936 marchionis.
984 1870 1083 1936 Unde
1113 1872 1254 1936 nimium
1284 1873 1394 1937 tristis
1415 1873 1543 1949 effectus

510 1977 624 2059 utpote
663 1974 701 2037 de
744 1974 820 2037 tiliis
866 1973 989 2039 nostris
1027 1974 1266 2060 spiritualibus,
1304 1976 1437 2041 tandem
1472 1974 1545 2038 inito

509 2076 633 2140 salubri
662 2076 805 2155 consilio
837 2076 994 2141 accersivi
1021 2078 1186 2162 quendam
1213 2078 1458 2163 apocrisiarium
1482 2098 1545 2141 uos·

509 2183 608 2255 trum,
636 2178 777 2243 Leonem
803 2178 959 2243 videlieet
986 2180 1174 2267 episcopum
1200 2186 1323 2247 sanctae
1350 2180 1543 2245 'treverensis

510 2280 659 2362 ecelesiae,
687 2286 721 2346 et
747 2281 822 2345 misi
847 2303 921 2345 eum
949 2282 1028 2347 illuc
1054 2304 1127 2347 cum
1154 2282 1260 2348 literis
1291 2284 1415 2349 nostris
1445 2282 1544 2349 exhor-

510 2385 650 2463 tatoriis,
680 2390 720 2449 ut
751 2384 977 2471 resipiscerent
1015 2386 1058 2450 ab
1096 2387 1157 2450 hac
1187 2387 1432 2472 superstitione.
1488 2384 1543 2464 Qui

510 2488 673 2552 transiens
694 2493 804 2552 vastas
826 2487 1089 2574 intercapedines
1112 2494 1282 2565 terrarum,
1302 2489 1437 2554 tandem
1459 2488 1544 2551 rueri-

511 2612 570 2655 nos
595 2591 814 2655 transmeavit
837 2590 928 2669 fines,
956 2595 991 2655 et
1018 2592 1053 2654 in
1078 2591 1131 2655 die
1147 2590 1289 2656 'Natalis
1320 2592 1456 2657 Domini
1483 2611 1543 2676 per-

511 2693 605 2757 venit
641 2699 719 2758 ante
756 2698 965 2779 conspectum
1003 2694 1088 2779 regis
1127 2695 1267 2780 praet'ati.
1329 2693 1475 2779 Moxque
1507 2714 1542 2755 ex

511 2802 605 2883 perte
629 2801 743 2861 nostra
766 2798 911 2861 salutato
937 2796 1061 2883 optulit
1085 2796 1207 2877 literas,
1234 2818 1315 2883 quas
1346 2798 1396 2861 illi
1427 2798 1542 2861 misem·

511 2923 593 2964 mus.
662 2899 729 2979 Qui
766 2901 930 2966 accersitis
968 2901 1019 2965 sui
1057 2902 1149 2986 regni
1192 2901 1344 2965 fidelibus
1387 2901 1542 2984 utriusque

512 3003 636 3067 ordinis
672 3003 936 3089 sapientioribus
969 3003 1011 3068 ob
1048 3025 1193 3067 amorem
1231 3011 1265 3068 et
1303 3003 1455 3068 timorem
1490 3001 1543 3066 Dei

512 3104 760 3191 Omnipotentis
781 3127 908 3170 necnon
932 3113 966 3171 et
988 3105 1094 3170 suncti
1116 3104 1207 3171 Petri
1231 3105 1451 3191 apostolorum
1469 3105 1545 3191 prin-

512 3209 601 3295 cipis,
623 3214 658 3274 et
683 3231 741 3294 per
764 3215 912 3272 nostram
937 3207 1197 3272 admonitionem
1227 3215 1410 3294 paternam,
1442 3208 1544 3271 firmis-

512 3313 629 3377 simam
652 3311 810 3376 concessit
829 3333 944 3397 pacem
965 3331 1038 3375 cum
1062 3311 1215 3375 omnibus
1233 3309 1311 3374 filiis
1334 3311 1403 3374 suis
1423 3315 1457 3374 et
1472 3309 1543 3373 filin-

342 3406 373 3456 In
386 3422 479 3525 Pffi
512 3413 575 3479 bus
602 3413 820 3500 praesentibus
850 3419 885 3479 et
914 3413 1036 3478 futuris
1065 3419 1100 3478 et
1130 3435 1204 3479 cum
1231 3413 1383 3478 omnibus
1406 3411 1544 3477 fidelibus

341 3488 434 3604 ingere
478 3492 579 3581 esuis
608 3517 678 3581 sine
708 3517 793 3581 dolo.
850 3516 925 3597 Qua
954 3514 995 3581 de
1026 3537 1062 3580 re
1092 3515 1185 3581 misit
1215 3515 1408 3580 Edelsinum
1437 3519 1542 3580 sanotae

341 3608 461 3724 ffissed
513 3618 777 3683 scireburnensis
800 3618 941 3684 ecclesiae
962 3617 1134 3704 praesulem
1156 3639 1282 3683 necnon
1304 3623 1339 3684 et
1360 3617 1541 3683 Icostonum

342 3743 457 3791 numan
511 3721 617 3785 filium
639 3720 797 3786 Alfwoldi
828 3726 928 3808 atque
953 3720 1097 3786 Wistaui
1119 3719 1225 3785 filium
1250 3719 1475 3800 Edelnoldum,
1496 3718 1541 3804 qui

342 3808 493 3923 ww
512 3823 714 3889 transierunt
747 3823 892 3888 marinos
929 3824 1011 3888 fines
1048 3829 1082 3888 et
1119 3829 1342 3909 pervenerunt
1379 3844 1478 3909 usque
1507 3819 1542 3884 ad

341 3939 460 4001 Richard,
513 3926 689 3991 Ricardum
737 3926 912 4012 praefatum
957 3926 1185 3992 marchionem.
1254 3925 1320 4005 Qui
1358 3932 1394 3991 et
1431 3925 1542 3990 monita

341 4005 458 4124 ζξῇοῗέ
510 4034 624 4094 nostra
654 4028 786 4114 pacifice
815 4029 1004 4116 suscipiens,
1031 4029 1194 4114 simulque
1224 4029 1362 4095 audiens
1391 4029 1542 4094 decretum

342 4139 436 4191 ceived.
510 4132 671 4219 suprafati
694 4132 788 4218 regie,
814 4132 933 4198 libenti
959 4131 1069 4197 animo
1092 4131 1230 4197 eandem
1255 4153 1368 4218 pacem
1399 4129 1542 4208 firmavit,
1580 4213 1584 4224 .

510 4257 585 4300 cum
621 4235 699 4299 filiis
729 4235 796 4299 suis
827 4241 861 4300 et
890 4235 1022 4299 filiabus
1054 4234 1272 4320 praesentibus
1307 4237 1341 4299 et
1373 4233 1488 4300 futuris
1514 4237 1542 4295 et

509 4360 583 4402 cum
614 4337 766 4403 omnibus
795 4337 948 4402 fidelibus
978 4337 1053 4416 suis,
1086 4359 1124 4402 eo
1152 4337 1290 4402 rationis
1312 4341 1436 4418 tenore,
1465 4341 1500 4400 ut
1519 4333 1543 4396 si

507 4440 627 4526 aliquis
649 4461 762 4505 eorum
792 4439 845 4505 vel
875 4440 939 4525 ipsi
966 4439 1089 4504 iniuste
1116 4439 1242 4525 aliquid
1275 4446 1390 4505 contro
1416 4438 1543 4504 alterum

508 4541 779 4628 perpetraverint,
811 4541 913 4628 digna
947 4541 1175 4607 emendatione
1212 4547 1382 4627 purgetur,
1425 4559 1544 4628 paxque

507 4650 640 4710 maneat
662 4643 797 4709 stabilis·
811 4643 1050 4731 perpetualiter
1078 4648 1113 4708 et
1141 4643 1344 4721 inconvulsa,
1374 4663 1546 4709 sacramen·

507 4753 616 4811 torum
646 4746 818 4832 utriusque
849 4746 953 4832 partis
983 4747 1138 4832 stigmate
1160 4745 1328 4831 stipulata.
1385 4745 1544 4831 Experto
