3567 5800
537 830 599 894 168
790 843 1080 892 mensurasse.
1105 844 1194 892 senc.
1218 843 1303 892 mer.

533 1046 600 1111 pax
630 1025 816 1090 firmissima
845 1025 934 1091 inter
964 1024 1177 1089 Edmundum
1205 1030 1243 1090 et
1271 1024 1455 1091 Cnutonem
1474 1046 1564 1107 usque

369 1122 468 1170 fflffl¹¹¹
445 1122 506 1237 Ed⁸
493 1128 578 1193 ¹od
614 1127 702 1193 diem
739 1128 855 1193 mortis
886 1128 1052 1215 magnifici
1086 1128 1172 1213 regis
1209 1126 1386 1192 Edmundi.
1447 1126 1564 1191 Habuit

368 1188 497 1304 vardmd
535 1250 664 1316 quoque
685 1252 745 1295 rex
774 1230 969 1296 Edmundus
1001 1251 1043 1295 ex
1073 1252 1176 1295 uxore
1209 1252 1269 1295 sua
1302 1228 1455 1316 Aldgive,
1483 1229 1563 1294 cuins

369 1322 494 1371 edmund
534 1354 633 1420 supra
654 1334 871 1413 meminimus,
902 1332 1023 1397 femina
1052 1352 1169 1417 genere
1191 1332 1354 1419 praeclara,
1382 1331 1462 1397 duce
1482 1332 1562 1407 filios,

534 1433 738 1601 {durerdum
759 1438 794 1499 et
816 1433 1036 1512 Edmundum‚
1059 1434 1100 1499 de
1122 1433 1240 1520 quibus
1270 1434 1406 1499 inferius
1427 1456 1483 1499 suo
1502 1434 1563 1498 loco

559 1536 669 1603 'cetur

370 1898 435 1947 nen.
949 1830 1031 1897 Ore.
1057 1830 1185 1896 XXXI.

369 1964 525 2094 3⁰33„
539 1998 590 2065 oe
610 2004 717 2065 aaa
740 1996 886 2065 ausa
906 1996 995 2084 aas
1011 1996 1195 2063 remmus
1217 1995 1371 2063 casus
1393 2004 1422 2063 a
1443 2017 1565 2062 araa-

369 2098 502 2213 &ff
848 2101 942 2166 tione
963 2099 1053 2185 repis
1085 2098 1261 2167 Caulonis.

369 2228 438 2281 Ar).
454 2233 524 2279 ¹⁰¹⁶·
582 2254 710 2321 Ionum
761 2276 821 2319 rex
885 2254 1069 2341 Anglorum
1115 2252 1322 2331 Edmundus,
1366 2256 1565 2339 cognomento

539 2358 694 2423 Ferreum
724 2355 836 2438 Latus,
867 2356 948 2421 dum
982 2355 1079 2421 iustis
1118 2356 1154 2421 in
1192 2376 1294 2442 regno
1325 2360 1511 2420 mensuetus
1537 2356 1565 2416 et

536 2460 610 2547 pius
636 2482 675 2526 ac
698 2458 856 2525 terribilis
878 2464 1050 2545 appareret
1080 2458 1220 2535 iniustis,
1247 2456 1373 2522 invidit
1396 2457 1465 2523 eius
1489 2478 1565 2543 pros·

536 2562 672 2649 periteti
701 2561 849 2648 proditor
888 2566 924 2625 et
960 2559 1081 2646 impius
1110 2559 1179 2624 dux
1210 2558 1404 2624 Merciorum
1433 2557 1566 2635 Edricus,

537 2665 629 2730 cuius
662 2664 780 2750 saepius
819 2662 1010 2728 mentionen
1039 2662 1181 2727 fecimus.
1235 2661 1356 2727 Volens
1386 2682 1420 2727 se
1449 2666 1564 2748 gratum

537 2772 693 2857 praesure
720 2769 877 2849 Onutoni,
905 2768 1080 2833 Edmundo
1109 2767 1178 2854 regi
1207 2766 1341 2833 molitur
1371 2768 1512 2846 insidias,
1538 2772 1566 2831 et

537 2872 679 2959 qualiter
719 2870 827 2959 ipsum
866 2870 1019 2959 proderet
1057 2892 1095 2936 ac
1135 2869 1205 2936 vite
1241 2870 1389 2956 privaret
1430 2870 1566 2936 immute-

536 2975 648 3042 biliter
686 2975 854 3062 cogitavit
911 2973 1056 3038 Tandem
1102 2973 1305 3060 propositum
1344 2995 1440 3039 suum
1469 2974 1566 3038 nefan-

537 3079 668 3144 dissime
710 3078 926 3143 deliberatum
967 3077 1100 3163 cupiens
1139 3075 1182 3140 ad
1224 3077 1377 3141 effectum
1418 3076 1565 3150 deducere

537 3183 619 3247 duos
650 3180 691 3246 de
719 3181 805 3266 regis
835 3179 1003 3244 Edmundi
1034 3177 1249 3256 cubiculariis,
1282 3178 1403 3264 quibus
1428 3177 1566 3266 praefatus

468 3298 493 3349 ·i.
537 3307 597 3349 rex
631 3283 826 3348 Edmundus
864 3281 1006 3367 corporis
1048 3287 1082 3345 et
1121 3281 1201 3346 vitae
1238 3301 1307 3346 suae
1338 3301 1467 3347 omnem
1495 3301 1567 3345 com-

538 3387 674 3451 miserat
711 3385 864 3472 primitus
905 3383 1096 3461 custodiam,
1128 3382 1423 3469 pollicitationibus
1451 3383 1568 3451 illesus

538 3492 572 3553 et
611 3489 716 3574 primo
746 3486 991 3552 immanitatem
1021 3485 1139 3570 flagitii
1170 3485 1390 3562 exhorrentes,
1434 3485 1469 3550 in
1503 3503 1569 3548 nece

461 3603 470 3652 ι
503 3589 708 3655 -Edmundi
748 3591 835 3675 regis
873 3589 1043 3674 complices
1083 3608 1157 3652 suos
1198 3587 1241 3652 ad
1281 3588 1438 3653 ultimum
1466 3587 1569 3653 effecit.

390 3684 450 3718 ⁰¹¹⁰
538 3691 688 3778 Denique
714 3692 794 3756 dicti
819 3691 1002 3779 proditores
1017 3695 1240 3777 opportunum
1266 3712 1331 3776 quo
1362 3713 1471 3777 regem
1499 3689 1570 3756 occi·
1696 3731 1697 3794 ἦ

539 3795 653 3859 derent
684 3794 898 3859 Edmundum
930 3793 1037 3858 locum
1068 3793 1283 3872 invenientes,
1314 3793 1570 3859 nefandissimum
1696 3811 1697 3816 ¹

538 3920 576 3962 ac
605 3897 831 3985 turpissimum
867 3897 1058 3981 excogitent
1096 3917 1198 3982 genus
1237 3895 1442 3961 insidiarum
1495 3897 1570 3961 Nam

537 4000 753 4067 invictissimo
782 4022 858 4086 rege
892 3999 1067 4063 Edmundo
1098 3999 1187 4086 apud
1225 3999 1390 4064 Oxoniam
1429 4001 1464 4064 in
1499 3999 1571 4064 leste

395 4136 435 4198 ov.
480 4155 488 4171 .
537 4104 644 4170 sancti
680 4103 822 4168 Andrese
854 4101 994 4187 apostoli
1020 4106 1240 4187 pernoctante,
1272 4101 1355 4167 dicti
1384 4100 1570 4175 cubicularii,

537 4211 577 4271 ut
616 4204 768 4282 diximus,
812 4203 926 4269 Edrici
963 4201 1255 4289 pollicitationibus
1296 4203 1508 4270 circumventi
1540 4223 1571 4266 ac

538 4308 662 4373 domini
702 4305 756 4372 sui
796 4306 882 4392 regis
923 4305 1091 4370 Edmundi
1129 4307 1311 4392 proditores
1348 4307 1467 4387 effecti,
1504 4307 1571 4371 dum

537 4410 714 4497 praedictus
744 4429 804 4473 rex
834 4406 1029 4472 Edmundns
1058 4407 1102 4472 sd
1141 4407 1275 4472 domum
1305 4409 1509 4475 secretiorem
1535 4405 1571 4470 ed

536 4513 695 4598 requisita
726 4514 855 4574 naturee
895 4509 1082 4585 diverteret,
1116 4510 1177 4574 sub
1204 4511 1300 4576 domo
1330 4513 1517 4598 purgatoria
1542 4510 1571 4572 in

535 4614 631 4679 fovea
669 4612 896 4677 delitescentes
938 4611 1069 4677 cultello
1111 4611 1161 4677 bis
1200 4617 1297 4678 scuto
1334 4613 1423 4680 inter
1451 4612 1573 4680 celanda

412 4767 416 4774 .
535 4720 789 4801 percusserunt3
833 4718 868 4778 et
906 4735 944 4779 eo
988 4714 1131 4778 letaliter
1175 4715 1357 4793 vulnerato,
1404 4717 1573 4802 proditores

534 4818 698 4904 fugientes
720 4817 809 4881 inter
830 4816 917 4902 regis
931 4817 1055 4882 viscere
1076 4815 1199 4882 fenum
1219 4817 1431 4902 reliquerunt.
1476 4819 1573 4905 Igitur
