3567 5800
491 835 557 899 188
751 852 818 901 am
841 852 890 903 ns
911 854 1046 906 cmunc.
1069 856 1161 907 erae.
1185 858 1272 909 mer.

487 1038 666 1124 pernieiem
687 1060 722 1105 se
743 1046 976 1127 expectantem
998 1043 1144 1110 offendit
1191 1044 1256 1126 Qui
1287 1046 1436 1132 protinus
1461 1070 1539 1113 oon-

486 1162 616 1225 gressus
652 1162 727 1206 eum
761 1143 890 1229 Anglis,
924 1166 993 1211 non
1026 1146 1197 1211 minimam
1234 1152 1363 1236 partem
1394 1171 1436 1215 ex
1471 1150 1539 1216 illis

487 1238 572 1307 Oreo
594 1243 787 1310 transmisit.
845 1246 922 1333 Ipse
944 1268 1023 1314 vero
1047 1247 1231 1315 Edwardus
1253 1250 1363 1317 vietor
1383 1252 1538 1333 existens,

485 1342 529 1407 ad
564 1366 668 1411 naves
704 1352 755 1413 est
791 1370 957 1436 regressus
994 1372 1069 1416 eum
1113 1351 1190 1417 suis
1260 1352 1386 1418 Videns
1424 1360 1538 1420 autem

316 1464 467 1518 Hereum
485 1446 671 1513 Edwardus
702 1470 771 1515 non
803 1451 928 1537 absque
964 1452 1107 1539 plurimo
1144 1475 1281 1520 numero
1319 1454 1465 1520 militum
1503 1478 1538 1523 se

316 1533 418 1652 ‘⁰N⁰¹{
485 1570 578 1635 posse
614 1572 753 1638 regnum
790 1553 940 1641 optinere
977 1554 1172 1640 Augurum,
1209 1556 1362 1643 regiratis
1399 1559 1536 1625 navium

484 1652 591 1737 proris
612 1652 853 1721 Normanniam
874 1678 950 1721 eum
972 1657 1119 1723 maxima
1140 1658 1253 1745 praeda
1274 1660 1416 1746 repetiit

315 1770 442 1835 Rogant
530 1754 652 1821 Emma
692 1762 805 1824 autem
844 1760 959 1846 regim
1005 1760 1095 1848 apud
1135 1760 1327 1826 Flandriam
1364 1762 1535 1841 exrrlante,

315 1838 472 1953 &1032
485 1880 545 1923 rex
568 1856 740 1925 Danorum
770 1858 1008 1926 Hardeenutus
1031 1860 1194 1928 Gnutonis
1223 1863 1310 1949 regis
1340 1868 1375 1929 et
1405 1863 1535 1931 Emmae

314 1970 462 2020 fluooenut
484 1961 608 2047 reginas
628 1960 717 2027 filius
739 1963 783 2028 ad
803 1968 944 2029 matrem
966 1984 1059 2029 suam
1088 1966 1125 2029 in
1149 1964 1342 2031 Flandriam
1364 1966 1535 2047 devectus,

314 2033 471 2087 inmantare
483 2084 559 2129 eum
579 2064 653 2151 ipsa
673 2064 763 2153 apud
785 2064 924 2153 Brigges
945 2087 1072 2132 moram
1094 2066 1178 2133 feeit

884 2488 964 2555 Car.
988 2486 1126 2553 XXXV.

310 2586 378 2636 Ποῖ.

310 2652 467 2839 iffia
480 2692 531 2758 De
553 2698 659 2760 tara
680 2690 769 2778 aaa
790 2690 943 2758 aaroni
961 2690 1078 2779 psas
1108 2696 1138 2758 a
1166 2690 1370 2759 masuam
1391 2692 1529 2759 sara-

309 2801 408 2904 πω
892 2794 992 2861 eauta'
1013 2793 1109 2881 repis.

308 2919 378 2970 nu.
395 2927 466 2972 1040.

308 3034 392 3085 Dm,
407 3037 437 3086 of
522 3003 628 3069 Auno
642 3003 781 3069 Domini
803 3001 978 3068 millesimo
994 3001 1246 3088 quadragesimo
1268 3022 1328 3066 rex
1342 2999 1526 3088 Anglorum

307 3101 455 3220 lffltllfflo
477 3103 655 3185 Haroldus,
690 3127 765 3170 cum
798 3111 968 3191 regrmsset
1002 3108 1160 3190 quattuor
1182 3103 1288 3184 annis,
1323 3102 1413 3190 apud
1436 3103 1526 3168 Oxo-

369 3206 376 3219 '
456 3207 565 3273 'niam
588 3207 761 3274 defunctus
792 3213 851 3286 est,
885 3213 920 3272 et
943 3207 1033 3293 apud
1061 3205 1394 3272 westmonasterium
1415 3205 1454 3269 in
1477 3227 1527 3270 ee-

473 3311 572 3376 clesia
608 3311 700 3377 beati
746 3310 838 3376 Petri
872 3331 966 3374 suam
1009 3307 1135 3395 aceepit
1179 3308 1391 3395 sepulturam.
1454 3307 1526 3373 Iste

386 3475 393 3487 ,
474 3411 642 3478 Haroldus
664 3433 724 3478 rex
745 3412 888 3477 eundem
910 3411 1017 3476 loeum
1039 3410 1325 3476 westmonasterii
1347 3408 1407 3475 ubi
1428 3431 1523 3475 suam

304 3474 446 3592 iffi?
473 3520 642 3603 aooeperat
675 3514 878 3600 sepulturam
910 3512 1083 3600 specialius
1105 3513 1142 3576 in
1164 3513 1237 3578 vita
1259 3535 1320 3578 sua
1342 3517 1522 3592 amaverat,

305 3612 362 3657 Μ·
472 3622 507 3682 et
543 3616 688 3704 insignia
723 3637 784 3680 sua
819 3615 943 3702 regalia
979 3616 1015 3680 in
1053 3614 1169 3680 eodem
1205 3614 1277 3680 loeo
1321 3621 1522 3702 reposuerat

472 3718 622 3784 Haroldo
644 3717 750 3806 igitur
771 3739 848 3804 rege
870 3723 1010 3797 mortue,
1033 3721 1115 3782 tune
1137 3739 1286 3804 prooeres
1308 3721 1379 3782 tam
1393 3719 1521 3805 Anglo-

468 3844 543 3887 rum
565 3841 666 3907 quam
681 3820 852 3885 Danorum
874 3819 911 3883 in
933 3840 1035 3884 unam
1050 3818 1285 3884 concordantes
1307 3819 1519 3900 sententiam,

468 3926 631 3990 miserunt
663 3923 790 4009 legatos
821 3922 865 3986 ad
896 3921 1034 4008 Brigges
1065 3920 1103 3986 in
1125 3920 1319 3988 Flandriam
1341 3921 1386 3986 ad
1407 3945 1519 4010 regem

467 4033 582 4099 Daciae
598 4030 858 4110 Hardeenutum,
881 4029 938 4114 qui
961 4050 1035 4094 eum
1058 4032 1164 4093 matre
1186 4049 1246 4093 sua
1261 4028 1381 4093 Emma
1402 4032 1520 4117 regina

301 4093 447 4213 cnfssfflm
467 4135 600 4215 ibidem,
623 4137 663 4198 ut
692 4132 847 4209 diximus,
873 4130 1066 4195 morabatur
1078 4154 1088 4211 3
1122 4134 1278 4216 rogantes
1303 4135 1343 4196 ut
1372 4130 1417 4195 ad
1447 4133 1519 4196 An-

465 4237 567 4324 gliam
589 4237 727 4315 veniret,
748 4235 842 4320 regni
858 4232 1011 4298 diadema
1033 4237 1251 4319 suscepturus
1298 4232 1366 4313 Qui
1380 4235 1518 4300 consilio

465 4343 658 4426 magnatum
686 4337 761 4403 ilioo
791 4336 1011 4421 adquiescens,
1042 4339 1159 4400 aestate
1197 4335 1307 4400 media
1344 4337 1442 4401 venit
1479 4338 1513 4401 in

464 4440 630 4528 Angliam,
646 4445 681 4505 et
702 4443 873 4526 gratanter
893 4437 937 4502 ab
954 4436 1106 4502 omnibus
1129 4443 1308 4524 suseeptus,
1332 4438 1376 4502 ab
1392 4439 1514 4504 Eadsio

466 4541 698 4608 Cantuariensi
732 4539 972 4626 arehiepiseopo
1005 4539 1042 4603 in
1068 4561 1178 4627 regem
1209 4545 1260 4604 est
1291 4547 1511 4608 consecratus.

465 4645 511 4707 Et
540 4643 732 4722 notandum,
757 4642 845 4727 quod
866 4641 929 4706 filii
959 4641 1102 4727 legitimi
1133 4641 1307 4706 Ethelredi
1336 4642 1432 4729 mgis,
1455 4645 1515 4708 Al-

463 4745 575 4808 fredus
604 4744 727 4809 seilicet
753 4748 787 4809 et
817 4743 1009 4822 Edwardus‚
1041 4744 1130 4809 inter
1157 4744 1284 4832 Anglos
1310 4767 1374 4830 pro
1405 4746 1512 4812 nihilo
