3567 5800
499 858 566 922 284
766 873 832 923 uic
854 872 903 922 na
925 872 1058 923 omnus
1081 872 1170 926 senc.
1193 874 1277 927 mer.

495 1059 736 1125 humanitatem
766 1058 931 1137 exhibeat,
965 1057 1182 1146 ignoramus”
1242 1058 1335 1123 Tunc
1368 1080 1473 1137 senex,
1504 1066 1547 1125 ut

494 1166 565 1227 erat
601 1161 715 1227 hilaria
752 1161 913 1248 vultuque
951 1166 985 1227 et
1022 1160 1105 1229 facie
1142 1160 1287 1238 iocunda,
1327 1162 1461 1227 intuens
1495 1162 1546 1227 in-

494 1270 636 1343 tuentes,
669 1271 689 1301 “
703 1263 915 1351 Sequimini,'’
938 1264 995 1341 ait,
1021 1272 1039 1301 “
1055 1286 1118 1345 me,
1141 1268 1176 1331 et
1210 1262 1375 1329 Dominus
1397 1264 1547 1331 tribuens

493 1368 604 1434 omnia
617 1367 712 1433 vobis
729 1366 909 1433 necessaria
923 1364 1141 1453 procurabit.”
1186 1365 1318 1433 Gratias
1340 1372 1476 1454 agentes
1497 1368 1548 1433 illi

493 1476 529 1536 et
549 1492 659 1537 senem
681 1470 830 1536 comitati
844 1468 1083 1553 nobilissimam
1106 1470 1244 1558 ingressi
1266 1475 1344 1536 sunt
1366 1470 1547 1537 civitatem.

493 1572 660 1661 Susceptis
682 1572 825 1659 hospitio
847 1594 961 1637 mensa
991 1577 1138 1659 paratim
1160 1572 1407 1659 lautissimeque
1433 1572 1547 1639 refecti

494 1675 577 1743 dant
607 1676 755 1741 membra
776 1674 890 1761 quieti
951 1673 1050 1743 Mane
1085 1680 1197 1740 autom
1230 1675 1319 1741 facto
1341 1674 1548 1762 egredientes

493 1801 594 1846 senex
625 1777 809 1859 comitatur,
843 1782 879 1843 et
911 1781 1008 1844 extra
1044 1776 1160 1843 urbem
1196 1776 1319 1863 positos
1356 1776 1549 1845 huiusmodi

493 1883 603 1951 verbis
624 1881 811 1968 alloquitur.
869 1878 971 1945 “Viri
993 1878 1118 1959 fratres,
1141 1902 1216 1945 cum
1237 1902 1366 1945 summa
1386 1883 1549 1968 prosperi-

494 1993 563 2055 tate
593 1988 829 2076 repatriaturos
849 2008 910 2053 vos
936 2008 1004 2053 non
1035 1986 1201 2065 dubitetis,
1226 1987 1383 2073 quoniam
1416 2009 1548 2075 prospe-

492 2114 567 2159 rum
587 2093 653 2159 iter
677 2092 777 2157 faciet
809 2090 905 2157 vobis
939 2090 1029 2157 Deus
1062 2090 1256 2157 salutarium
1286 2094 1485 2173 nostrorum,
1510 2098 1548 2157 et

492 2218 552 2283 ego
584 2196 626 2261 ob
656 2216 802 2260 amorem
838 2193 924 2281 regis
961 2192 1065 2259 vestri
1102 2192 1137 2258 in
1171 2192 1261 2258 omni
1292 2192 1350 2259 via
1385 2192 1448 2259 bac
1480 2216 1548 2280 qua

491 2296 686 2384 gradiemini
713 2296 854 2363 firmabo
875 2317 974 2382 super
994 2316 1054 2361 vos
1076 2293 1185 2361 oculos
1207 2314 1305 2361 meos.
1340 2294 1433 2383 Ego
1456 2297 1546 2363 enim

493 2420 566 2465 sum
588 2398 754 2487 apostolus
777 2404 813 2465 et
838 2396 1041 2485 evangelista
1066 2396 1246 2477 Jobnnnes,
1277 2396 1458 2483 discipulus
1487 2399 1547 2465 illa

493 2523 591 2588 quem
624 2500 786 2589 diligebat
815 2501 924 2581 Jesus,
947 2500 1006 2586 qui
1036 2500 1144 2586 ipsum
1178 2520 1289 2586 regem
1320 2504 1471 2566 vestrum
1501 2503 1545 2568 ob

492 2604 648 2670 meritum
669 2603 835 2670 castitatis
856 2624 985 2669 summa
1007 2601 1184 2669 dilectione
1205 2601 1401 2688 complector
1412 2627 1422 2683 ;
1446 2625 1545 2690 quem

491 2730 571 2794 rogo
593 2728 666 2773 mea
687 2706 761 2772 vioe
782 2705 942 2775 salutetis
1000 2704 1046 2769 Et
1067 2726 1109 2771 ne
1132 2703 1268 2791 deroget
1289 2704 1390 2769 fidem
1413 2707 1546 2773 oraculo

491 2811 577 2891 huic,
610 2810 642 2876 ei
672 2808 816 2891 anulum,
851 2828 949 2895 quem
982 2806 1065 2872 mihi
1095 2806 1132 2871 in
1166 2806 1371 2873 dedicatione
1402 2810 1546 2876 ecclesiia

490 2936 571 2981 meae
610 2914 711 2992 dedit,
749 2912 785 2977 in
822 2911 941 2977 habitu
985 2909 1156 2998 peregrino
1194 2911 1366 2998 apparenti
1411 2912 1543 2990 tribuit,

490 3018 662 3106 resignato,
696 3014 931 3083 denuntiantes
968 3014 999 3078 si
1033 3013 1144 3080 obitus
1182 3012 1234 3078 sui
1270 3013 1395 3080 instare
1433 3014 1522 3081 diem
1534 3042 1544 3097 ;

490 3143 587 3208 quem
620 3120 707 3185 infra
737 3141 796 3184 sex
827 3137 954 3183 menses
990 3115 1132 3182 visitans
1164 3115 1318 3194 visitabo,
1339 3121 1380 3182 ut
1413 3139 1543 3184 mecum

488 3227 645 3310 sequatur
676 3223 819 3310 rignum,
843 3240 1037 3305 quocunque
1059 3217 1143 3295 ierit,
1166 3217 1203 3282 in
1225 3240 1291 3305 quo
1313 3239 1389 3284 cum
1420 3223 1544 3288 mentis

487 3325 682 3412 integritate
710 3321 818 3390 carnis
848 3319 1014 3387 munditia
1036 3325 1070 3386 et
1093 3341 1220 3384 morum
1251 3319 1438 3406 pulcritudo
1465 3346 1542 3390 con-

488 3427 609 3494 venit'’
652 3427 757 3503 Dixit,
773 3430 809 3491 et
829 3423 946 3489 statim
960 3423 1026 3488 viri
1047 3424 1083 3487 in
1105 3423 1176 3488 loco
1197 3443 1232 3488 se
1253 3444 1353 3509 quem
1374 3424 1439 3510 ipsi
1454 3426 1542 3492 dele-

487 3535 606 3617 gerant
631 3526 853 3595 invenerunt¹
912 3525 997 3594 cum
1020 3547 1148 3592 summa
1170 3529 1282 3590 autem
1305 3526 1477 3595 macritate
1497 3531 1541 3596 ad

488 3632 630 3720 patriam
662 3635 865 3696 revertentes
899 3632 1136 3716 repraesentant
1166 3626 1304 3692 anulum
1334 3629 1411 3714 regi,
1439 3651 1541 3718 expo·

487 3738 574 3800 nunt
604 3732 782 3811 oraculum,
805 3736 841 3797 et
861 3751 1007 3796 seorsum
1034 3729 1076 3796 ab
1098 3729 1171 3794 aliis
1194 3729 1366 3794 conferrmt
1387 3731 1429 3796 de
1451 3735 1540 3821 regis

486 3839 553 3903 fine
583 3856 771 3902 sermonem.
827 3832 950 3899 Statim
972 3832 1015 3898 ad
1044 3852 1164 3898 nomen
1195 3831 1359 3898 Johaunis
1381 3855 1443 3899 rex
1465 3857 1539 3922 pro-

487 3940 578 4027 rupit
598 3939 635 4004 in
665 3937 825 4016 lacrimas,
848 3941 883 4002 et
913 3956 989 4001 cum
1021 3934 1062 4000 de
1093 3933 1245 4000 omnibus
1277 3955 1352 4020 quae
1385 3935 1539 4005 viderant

487 4044 542 4109 vel
586 4041 761 4108 audierant
809 4037 1000 4125 diligentius
1044 4036 1242 4122 inquisisset,
1280 4037 1415 4104 nuntios
1461 4063 1536 4108 curu

485 4147 667 4234 gratiarum
688 4143 815 4210 actione
836 4141 964 4206 remisit
985 4139 1027 4206 ad
1049 4139 1188 4228 propria

995 4341 1054 4347 ·“·-·
1065 4341 1196 4347 --···“--
1206 4339 1532 4355 --ᾐῇῂ

619 4471 626 4502 r
643 4486 670 4520 ,θ
679 4484 748 4534 Μ,
758 4467 808 4533 qm'
818 4463 968 4532 Quart]
987 4477 1061 4528 quem
1072 4461 1121 4528 ipsi
1132 4477 1160 4514 sc
1171 4461 1322 4529 delegarent,
1333 4462 1390 4515 115.
