3567 5800
431 875 479 922 nn
500 872 616 923 ousrrs
638 872 762 923 amun
784 870 985 921 sucu-111.
1003 856 1033 932 4,
1054 854 1081 917 5.
1242 852 1284 917 43

680 1396 775 1461 OAP.
807 1394 846 1459 V.

236 1610 289 1676 De
313 1606 491 1676 clerteutc'u
513 1607 603 1694 repis
625 1604 769 1693 Alfrcdi
791 1605 862 1672 sive
884 1604 1045 1685 Alorcdi,
1070 1612 1100 1672 ct
1115 1604 1271 1693 salsitate
1297 1614 1452 1679 Romano.

666 1710 857 1776 Doctorum.
1296 1680 1436 1808 {mist

1298 1814 1366 1866 Μ).
1381 1820 1437 1865 893.

284 1914 391 1979 Arno
417 1912 553 1979 Domini
580 1914 847 1999 octingentesimo
873 1913 1085 2000 nonagesimo
1108 1912 1207 1977 tertio
1229 1934 1285 1998 pa·
1300 1924 1367 1975 An.
1380 1930 1437 1973 ses.

236 2018 326 2105 gani,
342 2016 400 2102 qui
414 2015 689 2081 Nerthumbriam
713 2021 747 2080 et
771 2014 828 2101 qui
845 2014 1051 2103 Estangliam
1071 2014 1287 2093 incoluerunt,
1299 1990 1456 2109 &seddim

238 2141 354 2207 pacem
384 2140 458 2182 cum
487 2117 625 2183 Aifredo
654 2117 725 2183 sive
755 2116 901 2183 Aiuredo
931 2140 1006 2203 rege
1036 2118 1229 2182 iuramentis
1255 2122 1288 2181 et

239 2220 409 2287 obsidibus
454 2224 651 2285 statuerunt.
713 2218 779 2285 Sed
822 2225 920 2307 rupto
966 2220 1097 2299 foedere,
1144 2220 1288 2305 quando-

240 2344 371 2407 cunque
400 2321 564 2388 exercitus
593 2343 796 2411 paganorum
822 2322 858 2385 in
884 2322 1006 2389 Cantia
1034 2322 1179 2387 residens
1209 2344 1290 2408 prus-

240 2425 345 2491 dandi
366 2447 464 2489 causa
486 2424 526 2489 de
546 2424 613 2489 suis
633 2424 875 2490 munitionibus
899 2425 1013 2505 exivit,
1035 2424 1098 2511 ipsi
1121 2446 1195 2489 cum
1218 2423 1291 2501 illis,

240 2528 295 2593 vel
325 2548 384 2614 per
417 2548 460 2606 se,
490 2526 676 2611 ubicunque
707 2533 894 2613 potuenmt,
927 2526 1054 2612 praedas
1094 2549 1188 2613 ogere
1225 2548 1292 2591 non

240 2631 419 2697 cessabant.
475 2627 549 2710 Quo
578 2629 710 2715 cognito
740 2650 801 2693 rex
838 2629 992 2695 Albedus
1021 2629 1092 2694 sive
1129 2629 1293 2695 Aluredus

243 2753 320 2800 eum
343 2731 493 2799 exercitu
517 2754 577 2797 suo
604 2732 759 2797 Cantium
785 2732 991 2819 proficiscens
1017 2734 1105 2797 inter
1134 2732 1214 2799 duos
1236 2754 1292 2819 pa

239 2858 403 2926 ganorum
434 2836 597 2901 exercitus
635 2840 742 2901 eastra
771 2840 915 2902 metatus
954 2840 1023 2916 est;
1061 2840 1109 2916 ut,
1144 2836 1173 2901 si
1207 2836 1292 2902 forte

242 2961 395 3028 eampum
425 2940 568 3024 aliquem
604 2938 726 3025 praedae
763 2960 860 3004 cama
896 2939 950 3004 vel
987 2939 1096 3026 proelii
1133 2943 1291 3025 peterent,

240 3046 314 3132 ipse
340 3061 414 3108 cum
439 3042 486 3106 eis
511 3045 675 3106 certarnen
699 3041 806 3106 iniret.
851 3039 976 3107 Atilii
1002 3063 1090 3107 nunc
1120 3047 1292 3126 equestres,

243 3169 334 3212 nunc
366 3143 501 3231 pedites,
525 3144 751 3210 latrocinando
781 3144 856 3209 illas
889 3149 1000 3231 partes
1031 3143 1292 3229 frequentabant,

243 3249 306 3315 ubi
334 3248 419 3333 regis
448 3245 627 3311 exercitum
662 3245 774 3311 abesse
807 3246 962 3311 sciebant.
1024 3245 1152 3327 Quibus
1183 3251 1294 3311 tamen

243 3373 307 3417 rex
335 3349 455 3415 subitis
484 3369 571 3434 saepe
605 3349 846 3414 incursionibus
877 3349 1015 3414 obvians
1053 3349 1158 3414 caedes
1196 3349 1295 3415 insert

243 3452 402 3520 adduas
462 3449 563 3517 Unde
609 3449 763 3516 Cantiam
801 3451 1034 3538 relinquentes,
1072 3453 1115 3517 ad
1154 3451 1295 3518 Hastein

244 3557 413 3623 concivem
449 3575 555 3632 suum,
590 3555 648 3639 qui
686 3555 775 3640 apud
805 3553 1045 3620 Middletonam
1081 3555 1293 3634 hiemaverat,

244 3659 469 3745 contingerunt
528 3657 617 3736 Quos
639 3679 699 3722 rex
729 3658 873 3723 viriliter
902 3659 1097 3745 insequutus
1127 3681 1195 3725 non
1229 3678 1411 3728 ces-llasuin
1424 3677 1446 3727 is

245 3763 345 3839 savit,
376 3760 478 3826 donec
503 3761 590 3847 ipsos
617 3781 691 3825 cum
717 3759 860 3826 Hastein
885 3759 982 3826 Dano
1013 3762 1234 3828 crudelissimo
1259 3763 1294 3826 in

244 3863 464 3950 municipium
478 3862 566 3947 quod
580 3861 668 3927 idem
685 3861 827 3927 Hastein
849 3884 954 3950 nuper
976 3863 1096 3929 ibidem
1125 3869 1296 3930 construx-
1400 3849 1405 3862 ¹

245 3971 331 4046 erat,
361 3966 524 4059 uiolenter
560 3963 705 4030 intrusit.
766 3963 839 4045 Quo
877 3989 937 4032 rex
974 3987 1049 4032 curn
1086 3968 1295 4054 pervenisset,

246 4068 467 4155 municipium
504 4067 672 4133 obsidione
717 4067 863 4146 vallavit,
903 4069 1080 4156 erectisque
1117 4071 1154 4134 in
1190 4071 1298 4157 girum

245 4170 409 4238 machinis
430 4169 515 4235 illud
537 4169 714 4256 subiugare
732 4171 871 4235 vaeavit
919 4171 1062 4237 Hastein
1081 4193 1160 4237 vero
1175 4173 1297 4251 Dauus,

246 4295 382 4341 omnem
407 4295 498 4360 spem
520 4273 693 4337 resistendi
717 4272 881 4349 amittens,
907 4273 1067 4360 cogitavit
1093 4294 1159 4360 quo
1186 4275 1299 4341 ordine

246 4398 362 4464 regem
397 4375 684 4441 clementissimum
720 4375 883 4463 deciperet
912 4376 980 4440 suis
1011 4376 1137 4442 artibus
1167 4375 1300 4442 fraudu-

245 4479 372 4558 lentis3
409 4483 444 4543 et
472 4477 608 4543 nuntios
637 4477 681 4542 ad
710 4499 818 4566 regem
850 4477 1002 4565 dirigens,
1030 4479 1181 4566 promisit
1212 4480 1298 4547 iura-

247 4581 375 4650 mentis
389 4586 424 4646 et
438 4582 525 4647 datis
547 4581 724 4661 obsidibus,
742 4579 829 4668 quod
852 4582 895 4646 ab
916 4581 986 4647 eius
1004 4587 1039 4647 et
1061 4583 1154 4668 regni
1169 4583 1299 4671 Angliae

246 4684 493 4771 inquietatione
516 4687 656 4750 cessaret
682 4684 718 4747 in
740 4688 915 4770 posterum,
941 4685 969 4750 si
994 4685 1126 4771 pacifice
1154 4689 1300 4754 recedere

248 4790 423 4856 sineretur.
485 4787 530 4853 Et
555 4786 599 4852 ed
624 4786 779 4853 maiorem
810 4787 944 4874 insuper
973 4788 1180 4856 securitatem
1210 4792 1302 4858 misit
1367 4874 1370 4884 .
