3567 5800
533 860 597 925 266
797 873 862 925 nic.
886 876 934 925 nn
956 876 1091 928 omme.
1115 880 1203 929 arne
1226 880 1312 930 mer.

538 1080 627 1124 orem
642 1081 729 1139 auro,
747 1064 839 1127 omni
854 1064 974 1132 electro
989 1065 1221 1153 fulgentiorem
1236 1071 1243 1130 1
1274 1066 1408 1132 Interea
1422 1089 1463 1133 ex
1476 1068 1576 1133 rasist-

540 1163 671 1228 entibus
692 1164 846 1231 ridebant
877 1168 1050 1247 nonnulli;
1077 1169 1135 1233 elii
1156 1192 1177 1234 a
1198 1190 1340 1257 paupere
1362 1170 1491 1235 illusum
1511 1173 1575 1257 regi

536 1266 738 1347 iocabuntur,
773 1269 830 1333 alii
852 1269 932 1335 iusti
955 1272 1199 1358 simplicitatem
1234 1278 1269 1338 et
1300 1274 1573 1339 mansuetudinem

529 1370 720 1435 fatuitatem
741 1371 1055 1459 interpretabantur.
1102 1375 1184 1441 Eoee
1205 1396 1311 1441 novus
1333 1375 1446 1441 David
1474 1376 1569 1441 saltus

529 1476 564 1537 et
585 1473 739 1558 plausus!
795 1473 878 1540 Eece
900 1496 1007 1541 novus
1030 1476 1154 1543 Micbol
1175 1482 1383 1563 contemptus
1405 1484 1442 1543 et
1469 1480 1568 1543 risus!

531 1574 659 1654 Quibus
691 1581 804 1642 tamen
839 1582 911 1643 erat
943 1600 1036 1644 mens
1069 1581 1179 1646 sanior
1200 1579 1376 1646 feliciorem
1409 1604 1484 1647 eum
1513 1580 1569 1646 sub

530 1678 591 1744 tali
611 1680 738 1745 sarcina
760 1700 858 1765 quam
889 1682 952 1748 sub
981 1703 1102 1748 corona
1135 1704 1235 1748 aurea
1268 1684 1468 1750 indicabant
1524 1683 1569 1747 Tu

359 1796 427 1875 Sulp:
442 1797 497 1847 Sev.
529 1782 625 1861 enim,
665 1783 796 1849 Christe
833 1784 918 1862 Iesu,
956 1789 996 1850 tu
1033 1786 1070 1851 in
1109 1808 1254 1874 paupere
1291 1788 1484 1874 portaberis,
1519 1789 1570 1873 qui

360 1865 501 1984 {fax—iffi·
528 1887 694 1973 quondam
728 1888 765 1951 in
801 1908 951 1974 paupere,
987 1904 1085 1973 quem
1118 1888 1283 1954 Martinus
1318 1895 1457 1967 texerem
1490 1896 1570 1975 tege

524 1991 620 2057 baris.
668 1988 734 2055 sed
756 1990 816 2055 hoe
839 1993 920 2055 tunc
943 1991 1082 2069 oraculo,
1106 1992 1167 2057 hoc
1189 2014 1278 2058 nunc
1301 1993 1468 2071 miracula
1501 2015 1567 2080 pro

526 2094 648 2159 didisti.
710 2093 794 2160 Cum
829 2094 942 2179 itaque
981 2098 1134 2160 oneratus
1165 2096 1221 2161 ille
1252 2094 1355 2161 nobili
1387 2118 1486 2163 onere
1517 2118 1569 2161 rer

525 2197 695 2284 paululum
734 2197 950 2283 processisset,
984 2198 1094 2263 subito
1128 2200 1223 2263 nervi
1258 2220 1339 2285 quos
1373 2201 1570 2266 inveteratus

524 2301 580 2367 ille
614 2300 747 2366 morbus
785 2304 994 2366 contraxerat
1032 2302 1279 2384 extenduntur;
1324 2308 1453 2368 meatus
1501 2324 1567 2369 san·

524 2404 634 2490 guinis
668 2424 750 2488 quos
772 2424 933 2468 venarum
964 2404 1054 2491 rigor
1088 2405 1272 2469 obcluserat
1292 2411 1501 2482 reserantun
1530 2406 1569 2469 ri·

523 2512 646 2595 gantur
668 2527 762 2585 oaso;
797 2528 910 2571 carnes
931 2508 1085 2573 marcidae
1107 2507 1327 2587 recalescunt3
1361 2513 1568 2597 emergente

524 2633 620 2676 carne
642 2609 797 2690 articuli3
837 2610 937 2697 pedes
960 2612 1138 2676 solvuntur
1159 2633 1180 2674 a
1201 2608 1344 2676 natibus
1401 2610 1565 2676 Distendit

525 2716 622 2779 homo
652 2734 746 2779 crura
776 2714 902 2800 poplite
924 2715 990 2778 iam
1012 2714 1160 2791 flexibili,
1184 2711 1358 2799 sanieque¹
1393 2736 1467 2779 eum
1499 2736 1565 2779 san·

523 2819 623 2907 guine
655 2816 837 2905 profluente
860 2817 962 2881 vestie
984 2818 1076 2904 regia
1098 2822 1235 2882 ornatur
1255 2817 1367 2904 potius
1389 2838 1487 2905 quam
1508 2818 1562 2883 fre

523 2921 628 2987 datur.
694 2919 767 2985 Iam
790 2926 871 2985 tunc
894 2921 976 2984 satis
998 2941 1067 2986 esse
1090 2921 1234 2986 clamant
1256 2941 1389 3001 omnes3
1420 2927 1564 2986 sanatum

522 3025 735 3112 languidum
762 3045 845 3089 onus
867 3023 910 3089 ob
932 3025 1042 3090 sordes
1065 3024 1209 3089 ulcerum
1232 3023 1468 3111 deponendum.
1511 3023 1566 3088 Ille

424 3179 426 3184 .
523 3148 648 3194 memor
684 3127 840 3214 praeeepti
882 3125 972 3212 quod
1002 3131 1189 3213 susceperat
1232 3127 1422 3192 Sirenumm
1460 3133 1566 3192 cantus

524 3232 680 3298 obturata
702 3252 780 3296 aure
803 3230 1017 3316 pertransiit;
1038 3230 1266 3317 ingressusque
1287 3231 1452 3296 ecelesiam
1467 3230 1564 3296 sancti

524 3335 623 3413 Petri,
658 3339 736 3399 ante
769 3355 865 3398 suum
900 3331 1005 3398 altare
1028 3333 1159 3400 Sanctae
1181 3333 1354 3399 Trinitatis
1386 3334 1473 3421 quod
1501 3335 1564 3421 ipse

523 3438 690 3526 apostolus
714 3437 832 3502 Petrus
863 3435 941 3500 olim
975 3435 1191 3513 dedicaverat,
1226 3435 1453 3503 holocaustum
1484 3436 1565 3524 quod

523 3542 688 3606 detulerat
711 3541 782 3604 Deo
815 3561 852 3604 eo
874 3539 973 3604 beato
996 3539 1095 3605 Petro
1117 3541 1273 3626 resignat.
1346 3539 1498 3627 Suscepit
1525 3539 1563 3603 ab

523 3644 666 3708 humeris
700 3643 805 3708 saneti
837 3643 924 3728 regie
958 3663 1132 3729 pauperem
1163 3665 1291 3729 magnae
1323 3643 1490 3729 religionis
1516 3643 1565 3706 vir

522 3747 624 3834 ipsius
669 3743 811 3811 eeclesiae
856 3745 992 3810 comiato
1037 3745 1169 3812 nomine
1204 3745 1385 3826 Godricus5
1431 3747 1564 3831 lotisque

523 3847 678 3916 membris
700 3848 926 3933 ulceribusque
949 3848 1070 3912 curatis
1100 3849 1199 3935 paulo
1232 3853 1306 3934 post
1327 3869 1446 3913 sanum
1468 3854 1501 3914 et
1518 3849 1565 3914 in·

523 3953 683 4020 columem
717 3950 853 4016 dimisit
910 3948 1014 4015 Stetit
1048 3970 1147 4036 supra
1177 3949 1276 4037 pedes
1297 3949 1403 4028 homo,
1439 3973 1478 4016 ae
1498 3950 1564 4014 soli-

524 4057 611 4121 datis
625 4053 759 4120 basibus
782 4053 851 4118 eius
874 4057 908 4118 et
930 4053 1054 4140 plantis
1068 4051 1138 4139 regi
1152 4057 1414 4139 repraesentatur.
1457 4052 1491 4118 'A
1505 4073 1562 4138 quo

524 4159 655 4225 itineris
689 4161 840 4244 suscepto
873 4156 1005 4235 viatim,
1040 4155 1233 4220 benedicens
1264 4154 1372 4219 Deum
1410 4156 1565 4243 profectus

523 4266 573 4327 est
608 4261 747 4326 Romam
783 4263 916 4324 acturus
946 4258 1044 4323 beato
1076 4257 1222 4344 apostolo
1251 4258 1350 4323 Petro
1381 4259 1505 4344 gratias
1531 4259 1564 4320 et

522 4364 627 4430 sancti
648 4363 733 4450 regis
757 4361 916 4426 Edwardi
936 4361 1056 4425 merita
1077 4359 1199 4446 ubique
1227 4360 1472 4447 praedicaturus.
1513 4357 1565 4423 Ad

351 4465 437 4516 Relios
448 4464 476 4514 in
523 4467 611 4532 tanti
641 4463 869 4532 testimonium
901 4462 1050 4528 miraculi
1082 4483 1214 4528 scamna
1246 4462 1365 4548 quibus
1396 4464 1496 4528 miser
1513 4460 1562 4526 ille

352 4533 488 4582 Weennin-
680 4570 687 4584 ,
741 4567 775 4582 ,.
1074 4567 1083 4581 ‚
1242 4565 1250 4580 ,

348 4607 399 4649 ster
407 4600 506 4664 Aooey.
523 4591 640 4658 repens
677 4574 778 4634 rnn1t1
817 4571 1030 4632 consueverat
1072 4587 1108 4630 1n
1140 4565 1273 4631 ecclesia
1317 4567 1561 4652 suspenduntur,
