3567 5800
469 835 533 900 ³10
730 841 797 890 arc.
821 839 868 888 ns
890 834 1024 886 omisso.
1047 832 1138 881 senc.
1162 830 1248 880 msr.

469 1033 599 1114 recepto
621 1023 768 1110 requirit.
830 1021 877 1088 Os
900 1017 1022 1105 quippe
1044 1014 1134 1102 quod
1156 1015 1290 1078 morbus
1312 1017 1522 1078 contraxerat

469 1132 513 1198 ad
543 1127 708 1194 naturalia
737 1127 809 1190 loca
841 1141 1010 1188 reversum
1043 1119 1157 1184 formae
1188 1115 1337 1204 pristinae
1368 1115 1522 1180 simulet

470 1232 607 1300 sanitati
641 1225 804 1294 donatur.¹
868 1223 1017 1290 Audiens
1049 1227 1162 1286 autem
1197 1223 1315 1284 cuncta
1337 1240 1412 1303 quae
1441 1216 1523 1281 acci-

471 1339 600 1416 derant,
635 1333 744 1418 erupit
781 1331 818 1394 in
855 1329 1027 1405 lacrimas;
1064 1347 1100 1390 os
1131 1323 1246 1409 lingua
1278 1343 1373 1386 mens
1409 1341 1523 1385 sensus

472 1441 705 1510 confessionem
750 1438 936 1523 personant,
978 1437 1013 1497 et
1057 1431 1246 1496 interiorem
1292 1427 1524 1492 contritionem

472 1547 585 1613 crebre
618 1541 759 1628 suspiria
789 1539 1016 1625 prodiderrmt.
1084 1535 1176 1598 Tunc
1209 1530 1467 1597 misericordiam
1490 1534 1525 1595 et

473 1649 631 1716 iudicium
667 1642 823 1710 cantabat
850 1642 908 1726 qui
941 1640 1080 1704 aderant
1114 1635 1267 1712 Domino,
1292 1635 1349 1720 qui
1381 1633 1525 1720 percutit

473 1759 508 1818 et
530 1754 634 1827 sanat,
658 1745 836 1812 mortificat
867 1749 901 1808 et
924 1742 1080 1818 vivificat,
1105 1738 1240 1804 deducit
1271 1736 1315 1801 ad
1345 1737 1468 1803 inferos
1490 1741 1525 1800 et

473 1853 608 1921 reducit.
669 1849 734 1914 Illa
756 1869 835 1914 vero
869 1845 994 1932 gratias
1025 1864 1127 1928 agens
1153 1839 1225 1904 Deo
1248 1839 1375 1904 eteius
1406 1838 1526 1903 beatis·

473 1957 555 2022 simo
588 1973 681 2020 servo
716 1948 889 2028 Eduardo,
917 1969 993 2013 eum
1026 1943 1162 2009 domina
1191 1965 1252 2008 sua
1281 1942 1453 2007 incolumis
1475 1964 1525 2006 re-

474 2057 597 2126 meavit
629 2055 673 2118 ad
708 2051 847 2140 propria
918 2049 1186 2133 Quandocunque
1220 2045 1372 2130 deinceps
1405 2066 1526 2110 nomen

474 2155 698 2248 gloriosissimi
743 2155 828 2241 regis
874 2151 1033 2218 Edwardi
1077 2148 1241 2226 audiebat,
1287 2152 1384 2212 tanto
1429 2148 1527 2213 corri-

475 2262 627 2349 piebatur
664 2257 792 2337 timore,
826 2261 866 2322 ut
897 2260 932 2320 et
964 2253 1070 2341 pallor
1107 2251 1239 2316 vultum
1276 2249 1461 2316 offunderet
1493 2252 1527 2315 et

476 2371 584 2432 cetera
606 2361 752 2428 membra
774 2361 875 2425 timor
898 2360 1076 2442 occuparet.

890 2693 970 2760 (iss.
992 2693 1115 2760 XLVI.

308 2938 406 2999 AM,
586 2888 637 2955 Dc
659 2906 694 2953 eo
716 2904 817 2975 quem
838 2906 862 2953 o
884 2884 1072 2974 quaeant
1086 2883 1241 2971 febribus
1263 2881 1424 2951 liberauit.

309 3006 356 3057 θοι
368 3011 425 3056 ⁴¹⁰·
525 3091 622 3158 ERAT
656 3094 816 3179 praeterea
838 3090 874 3155 in
897 3090 1097 3156 monasterio
1120 3112 1185 3174 quo
1215 3094 1336 3155 sanotae
1366 3089 1438 3153 eius
1463 3110 1530 3153 ser-

309 3156 440 3271 {ima
479 3199 603 3261 vantur
628 3196 775 3280 reliquiae
802 3195 906 3259 frater
928 3194 1063 3279 quidam
1086 3192 1247 3259 Oebertus
1272 3192 1413 3267 nomine,
1436 3191 1529 3258 errius

309 3286 429 3404 ffiff
480 3298 730 3365 sincerissimam
774 3298 880 3363 vitam
926 3294 1101 3362 decorabat
1149 3295 1294 3371 scientia,
1339 3294 1529 3359 illustrabat

181 3445 186 3455 ·
310 3420 457 3481 marteris
479 3402 639 3479 facundia
664 3400 870 3487 philosophia
896 3403 967 3465 tam
998 3398 1163 3465 saecularis
1193 3420 1292 3485 quam
1314 3397 1531 3464 ecclesiastica

309 3488 457 3621 {23¹²ssst
480 3504 654 3569 sublimius
692 3502 881 3568 extollebat.
951 3500 1018 3565 Hic
1051 3501 1228 3587 aliquando
1262 3501 1348 3565 circa
1383 3500 1528 3564 medium

308 3636 379 3688 agne.
481 3605 601 3671 mensis
625 3603 648 3670 J
650 3603 710 3667 ulii
733 3610 898 3691 quartana
920 3603 1011 3671 febre
1033 3610 1211 3691 correptus,
1234 3626 1292 3689 per
1323 3624 1450 3668 memes
1471 3625 1531 3667 sex

481 3710 561 3775 adeo
584 3710 777 3787 vexabatur,
800 3713 840 3774 ut
869 3714 991 3774 natura
1012 3710 1126 3775 morbo
1157 3710 1224 3775 iam
1247 3709 1378 3793 iamque
1401 3728 1532 3773 cessura

480 3812 656 3879 videretur.
713 3811 829 3877 Exesee
851 3832 974 3891 carnes,
997 3812 1132 3898 sanguis
1154 3812 1344 3890 exhaustus,
1368 3832 1441 3875 ossa
1462 3812 1533 3876 suis

480 3919 620 3982 vacuata
650 3912 812 3993 medullis,
845 3914 1055 3979 simulacrum
1092 3915 1197 4002 magis
1230 3936 1330 4000 quam
1363 3913 1532 3979 hominem

480 4018 708 4107 praeferebant.
781 4016 909 4081 Aderat
946 4016 1130 4084 Dominicae
1168 4016 1367 4082 Nativitatis
1405 4017 1535 4081 eunetis

479 4118 674 4186 mortalibus
697 4118 925 4207 amplectenda
947 4118 1171 4200 sollemnitas3
1197 4124 1233 4185 et
1254 4119 1308 4183 vir
1329 4119 1385 4183 ille
1408 4119 1534 4206 duplici

480 4224 632 4289 molestia
663 4221 830 4309 fatigatus,
855 4243 930 4287 cum
952 4222 987 4286 vi
1018 4222 1159 4288 febrium
1188 4226 1401 4308 torqueretur
1422 4228 1458 4287 et
1479 4222 1533 4287 his

480 4326 610 4414 gaudiis
631 4346 698 4391 non
724 4325 882 4391 interesse
905 4324 1035 4390 festivis
1058 4326 1139 4412 ipsis
1162 4325 1193 4391 ei
1218 4324 1366 4391 febribus
1388 4325 1534 4391 amarius

480 4429 655 4495 videretur.
702 4426 825 4494 Intulit
847 4428 961 4513 itaque
983 4427 1065 4493 fides
1086 4429 1156 4493 vim
1178 4433 1317 4510 naturae,
1341 4433 1377 4495 et
1398 4429 1534 4495 devotio

820 4742 827 4771 ¹
846 4740 964 4806 ᾱοπααν]
983 4743 1114 4801 donantur,
1127 4742 1184 4795 MS.
