3567 5800
430 882 477 930 nn
498 881 614 934 ersus
635 881 757 932 unsun
778 881 979 932 suen—111.
1004 869 1055 932 30.
1200 869 1265 932 165

209 1066 292 1148 beri,
315 1069 537 1136 sanctissimos
559 1070 755 1150 oeciderunt,
778 1069 927 1138 eeclesias
956 1069 1199 1147 destruxerunt,
1223 1073 1257 1132 et

209 1171 332 1256 absque
363 1173 473 1238 estatis
503 1180 538 1238 et
570 1195 669 1239 sexus
700 1174 896 1240 discretione
927 1174 1135 1240 miseratione
1168 1178 1256 1260 post-

208 1274 318 1359 posite
348 1276 505 1361 populum
534 1281 570 1342 et
599 1277 730 1364 plebem
763 1276 967 1342 deleverunt.
1013 1277 1112 1342 Nune
1145 1281 1257 1342 autem

209 1375 290 1460 quie
322 1381 357 1441 te
380 1377 607 1444 Christianum
639 1378 754 1444 fateris
784 1384 819 1444 et
850 1384 947 1444 tuum
977 1379 1168 1459 exereitum,
1197 1383 1257 1443 eut

209 1477 251 1544 de
284 1482 463 1547 commissis
492 1487 625 1568 patrum
654 1490 787 1550 tuorum
818 1489 852 1550 et
880 1485 949 1550 tuis
977 1485 1113 1571 flagitiis
1144 1482 1257 1548 dolens

209 1583 353 1668 petliam
375 1590 469 1651 tuam
498 1586 691 1672 paeniteudo
712 1593 834 1674 repete,
857 1594 918 1652 eut
939 1587 968 1652 si
996 1586 1058 1652 hoo
1083 1593 1118 1652 te
1140 1587 1256 1652 melius

208 1685 310 1751 hebet
339 1709 485 1774 regnum,
511 1689 556 1753 ad
584 1690 749 1775 singulare
779 1690 902 1755 bellum
930 1690 1115 1776 procedens,
1146 1689 1256 1754 animo

208 1790 407 1874 preeoellens,
439 1791 571 1878 proprio
607 1793 720 1880 gladio
756 1793 792 1857 in
825 1793 920 1859 brevi
957 1792 1021 1858 diei
1060 1791 1254 1880 [momento]

209 1890 377 1977 Angliem,
399 1896 428 1959 si
457 1900 558 1982 potes,
588 1917 749 1982 expugna.
794 1894 950 1983 Superius
980 1894 1111 1981 quidem
1128 1895 1255 1960 'sedens

210 1994 348 2060 Arbiter
376 2017 514 2083 regnum
544 2020 639 2064 snum
665 1999 829 2064 attribuet
859 1998 912 2063 oui
942 1997 1093 2078 voluerit,
1116 1995 1254 2064 reddens

209 2095 386 2181 uniemque
412 2100 590 2164 seeundum
621 2101 776 2166 meritum
807 2098 930 2164 snum.”
976 2099 1030 2164 Ad
1052 2099 1122 2165 haee
1145 2099 1253 2165 Onuto
1267 2107 1382 2158 eruere

208 2219 267 2283 per
298 2199 511 2284 peritissimos
542 2203 666 2288 legatos
696 2208 732 2268 et
761 2224 876 2288 regum
906 2206 998 2289 geste
1026 2223 1157 2289 prorsus
1186 2173 1388 2308 noum

209 2299 400 2386 ignorantes
436 2305 605 2391 respondit
622 2330 649 2371 ε.
672 2314 690 2341 “
705 2303 772 2383 Si,''
801 2304 920 2392 inquit,
954 2311 971 2340 “
986 2309 1096 2392 potres
1126 2309 1253 2370 nostros

208 2404 264 2468 vel
307 2408 550 2492 paganissimos,
595 2413 636 2474 ut
680 2407 806 2489 asseris,
852 2429 911 2473 vos
946 2405 1254 2486 Christianissimos‚

209 2513 243 2573 et
289 2529 348 2574 nos
370 2572 372 2575 ,
396 2511 566 2598 praedones
616 2517 652 2578 et
687 2511 951 2599 >depopulatores
976 2512 1163 2599 appellas,
1193 2533 1253 2597 pro

209 2631 247 2675 eo
295 2612 383 2696 qnod
419 2613 518 2679 huius
554 2614 649 2700 regni
678 2613 864 2702 appetimus
902 2614 1131 2700 gubernacula,
1171 2615 1253 2680 seito

208 2713 298 2798 quod
327 2736 388 2779 neo
416 2737 553 2802 regnum
575 2721 672 2781 tuum
703 2738 763 2782 neo
789 2739 926 2803 regnum
957 2722 1089 2804 petrum
1122 2723 1253 2783 tuorum

207 2817 398 2893 invasimus,
421 2818 478 2883 sed
499 2840 637 2906 regnum
660 2820 748 2905 quod
771 2819 900 2885 oruoulo
923 2819 1047 2884 Divino
1070 2819 1185 2884 datum
1206 2827 1256 2886 est

207 2920 315 2985 Bruto
346 2922 460 2989 AEneae
496 2922 666 2987 fortissimi
699 2922 813 3008 nepoti
857 2928 892 2988 et
936 2924 1052 2989 ceteris
1098 2946 1119 2989 a
1157 2923 1257 2989 Troia

207 3046 284 3088 oum
321 3025 392 3109 ipso
429 3025 639 3090 venientibus
683 3026 879 3111 regibusque
925 3025 994 3089 eius
1035 3026 1162 3111 generis
1199 3048 1256 3113 per
1337 3036 1339 3041 '

206 3125 372 3213 legitimas
394 3127 616 3193 successiones
663 3128 730 3192 Vos
752 3133 864 3193 eutem
895 3128 955 3192 hoo
984 3128 1092 3213 ipsum
1118 3148 1255 3214 regnum
1324 3166 1329 3177 ·

208 3230 300 3313 prius
345 3230 477 3316 peoifiee
521 3230 750 3316 ingredientes,
789 3229 1000 3315 postmodum
1037 3250 1115 3294 vero
1132 3250 1255 3316 ‘regem

207 3331 441 3419 Vortigemum
463 3332 604 3418 quadem
627 3331 698 3396 filie
718 3337 830 3397 vestre
852 3332 1023 3417 deceptum
1046 3332 1087 3396 de
1109 3331 1187 3397 loeis
1213 3335 1255 3398 ed

207 3435 280 3501 loeo
300 3436 447 3520 fugastis,
479 3440 519 3500 ut
539 3434 752 3521 paganissimi
781 3438 904 3499 terram
927 3438 962 3499 et
984 3434 1085 3499 etiam
1108 3435 1255 3501 eeclesias

208 3536 437 3624 depopulando
484 3538 705 3624 populumque
758 3535 1074 3602 christianissimum
1098 3537 1254 3604 delendo

208 3646 242 3706 et
276 3639 531 3706 exterminando.
589 3639 737 3704 Tandem
777 3638 838 3703 sub
886 3639 975 3725 peeis
1012 3644 1100 3706 teoto
1145 3640 1254 3728 ipsum

207 3766 318 3830 regem
352 3743 501 3808 violenta
540 3763 642 3807 manu
682 3741 974 3828 apprehendentes,
997 3743 1254 3829 quadringentos

206 3846 472 3932 probissimorum
502 3845 572 3911 eius
603 3866 677 3911 oum
714 3844 787 3909 aliis
825 3866 924 3930 quem
957 3844 1106 3931 plurimis
1126 3845 1254 3913 'cultris

207 3948 383 4013 crudeliter
412 3947 570 4023 neeestis;
607 3968 782 4035 regemque
811 3968 870 4032 per
892 3946 1043 4012 civitates
1069 3952 1104 4012 et
1134 3949 1254 4034 oppida

208 4050 395 4129 deductum,
452 4051 554 4116 donee
602 4049 755 4114 universa
814 4048 908 4113 vobis
945 4048 1113 4130 traderet,
1160 4052 1253 4136 quasi

206 4154 425 4218 miserrimum
447 4152 616 4239 captivum
641 4152 702 4217 sub
725 4150 932 4216 strictissima
954 4151 1102 4215 custodia
1124 4152 1266 4218 detine,

204 4257 287 4322 istis.
348 4255 478 4336 Quibus
521 4254 644 4320 auditis
687 4260 797 4342 potres
844 4253 959 4329 nostri,
1004 4274 1072 4318 non
1116 4254 1252 4321 audacia

205 4358 348 4423 minores
369 4380 404 4423 se
433 4357 667 4436 existimantes,
693 4357 788 4444 regni
813 4356 912 4421 huius
937 4356 1103 4421 invasores
1125 4356 1251 4423 invase-

206 4465 293 4539 runt,
324 4460 570 4547 depopulatores
611 4458 800 4546 depopulati
842 4462 931 4537 sunt,
962 4464 1249 4546 expugnatumque

206 4586 226 4626 a
255 4563 350 4628 vobis
381 4584 518 4649 regnum
547 4566 821 4648 expugnaverunt
849 4561 1040 4625 multotiens
1062 4568 1096 4625 et
1119 4562 1250 4627 obtinu-

206 4672 313 4733 erunt.
362 4666 462 4730 Nnno
483 4669 594 4730 eutem
627 4666 808 4729 maximum
831 4664 968 4729 dedecus
989 4664 1085 4743 nobis
1108 4663 1248 4746 videtur,

205 4770 235 4834 si
264 4768 354 4853 quod
376 4774 486 4855 potres
506 4768 612 4835 nostri
640 4766 766 4832 virtute
795 4767 1016 4855 possederunt,
1039 4790 1098 4833 nos
1122 4789 1249 4854 quoque

204 4877 239 4937 et
269 4872 379 4959 regnis
408 4876 444 4937 et
473 4870 570 4936 terris
600 4870 783 4955 animisque
811 4891 879 4936 non
910 4870 1052 4937 minores
1074 4876 1113 4936 ut
1136 4872 1248 4957 ignavi
