3567 5800
422 892 469 940 nn
486 890 606 940 -sasrrs
629 892 749 941 arcun
772 891 966 941 auen-ru.
993 880 1044 975 lt.
1195 877 1258 942 235

211 1076 333 1161 quibus
370 1078 470 1143 etiam
507 1078 592 1145 alter
629 1100 721 1144 meus
754 1078 857 1144 frater
888 1078 1054 1144 Aluredus
1086 1076 1262 1142 crudeliter

211 1182 335 1245 00010110
372 1186 431 1258 est,
473 1182 633 1268 solusque,
667 1183 751 1248 sicut
782 1183 861 1247 Joas
893 1181 1085 1247 occisionem
1109 1180 1261 1258 Etholiae,

210 1284 257 1347 sic
280 1304 341 1370 ego
371 1284 502 1350 illorum
532 1285 763 1352 crudelitatem
793 1285 890 1351 evasi.
938 1284 1084 1351 'landem
1113 1288 1263 1371 respectu

210 1387 443 1455 misericordiae
473 1388 537 1453 Dei
559 1395 634 1475 post
663 1389 773 1475 plures
803 1410 908 1453 annos
930 1410 990 1475 ego
1013 1387 1198 1453 Edwardus
1221 1385 1263 1451 ad

212 1497 387 1576 paternum
417 1514 556 1580 regnum
584 1491 738 1558 reaccessi
750 1517 758 1571 ;
796 1497 831 1558 et
862 1513 900 1557 eo
932 1493 1058 1579 potitus
1092 1492 1161 1555 sine
1195 1488 1263 1553 ullo

211 1593 372 1659 bellorum
404 1595 524 1676 labore,
557 1596 644 1661 sicut
674 1595 826 1660 amabilis
860 1594 932 1659 Deo
968 1594 1130 1671 Salomon,
1168 1598 1264 1658 tanta

209 1719 290 1783 pace
320 1704 355 1762 et
384 1720 493 1763 rerum
524 1699 694 1786 opulentia
723 1697 899 1777 abundavi,
931 1703 970 1763 ut
1000 1698 1110 1763 nullus
1137 1702 1263 1761 antece-

211 1798 364 1865 dentinm
394 1824 509 1888 regum
531 1801 649 1867 similis
673 1802 739 1866 mei
760 1801 861 1866 fuerit
883 1800 920 1863 in
943 1800 1048 1886 gloria
1069 1804 1103 1865 et
1126 1798 1262 1864 divitiis.

211 1902 278 1967 Sed
293 1904 401 1990 gratia
423 1903 487 1970 Dei
509 1926 576 1970 non
599 1928 661 1986 me,
683 1910 724 1971 ut
745 1904 875 1982 assolet,
898 1926 940 1969 ex
963 1904 1132 1990 opulentia
1153 1924 1262 1989 super-

209 2006 268 2071 bia
289 2012 324 2071 et
346 2012 555 2095 contemptus
578 2007 712 2073 invasit.
753 2006 860 2072 Immo
876 2006 960 2093 roepi
975 2006 1155 2093 recogitare
1171 2005 1262 2070 cuius

210 2110 297 2175 dono
339 2115 374 2175 et
407 2110 533 2176 auxilio
575 2112 619 2177 ad
664 2112 757 2199 regni
803 2110 932 2175 culmen
967 2109 1064 2189 evasi,
1107 2108 1262 2195 quoniam
1303 2183 1307 2191 Ι

211 2212 351 2277 Domini
374 2220 425 2279 est
447 2236 595 2301 regnum,
624 2218 658 2279 et
681 2216 733 2279 cui
764 2214 839 2278 vult
868 2212 928 2278 dat
958 2212 1048 2277 illud.
1117 2212 1163 2276 Et
1184 2211 1375 2297 0011111111-

209 2316 355 2381 mundus
392 2318 512 2383 transit
549 2322 584 2383 et
626 2316 887 2403 concupiscentia
932 2317 1010 2398 eius,
1049 2316 1106 2402 qui
1151 2320 1263 2379 autem
1276 2288 1366 2364 111111
1376 2286 1424 2350 pil-

208 2424 321 2485 totum
344 2442 378 2485 se
406 2420 521 2485 subdit
548 2418 619 2485 Deo
649 2420 788 2485 feliciter
816 2424 936 2507 regnat
966 2422 1001 2484 et
1030 2368 1397 2507 pemetuafitergrmage.

210 2522 306 2615 dives
328 2528 398 2603 est;
427 2524 540 2609 itaque
567 2522 746 2588 deliberavi
775 2522 822 2588 ire
853 2521 897 2587 ad
926 2522 1043 2601 limina
1072 2520 1284 2587 sublimium.

210 2625 435 2713 apostolorum
458 2626 549 2693 Petri
578 2630 613 2693 et
644 2626 751 2706 Pauli,
781 2632 816 2692 et
845 2626 894 2690 ibi
924 2625 1048 2712 gratiss
1077 2647 1174 2715 agere
1204 2646 1264 2713 pro

210 2730 340 2795 collatis
371 2728 545 2811 beneficiis,
577 2735 611 2794 et
641 2733 843 2795 exorarent
871 2750 944 2795 eam
975 2750 1088 2816 pacem
1118 2728 1265 2794 firmaret
1299 2764 1305 2781 ·

210 2834 304 2897 Deus
335 2839 529 2921 perpetuam
559 2832 642 2898 mihi
680 2838 715 2898 et
747 2832 888 2921 posteris
926 2832 1016 2898 meis.
1077 2830 1265 2920 Praeparavi

210 2959 289 3023 ergo
328 2943 363 3002 et
399 2936 607 3003 dinumerari
645 2946 805 3024 expensas
847 2937 1043 3002 necessarias
1080 2935 1193 3001 itinen'
1230 2939 1265 3001 et

208 3039 419 3105 honorabilia
456 3040 543 3105 dona
580 3061 655 3127 quse
678 3039 797 3106 ferrern
829 3038 952 3104 sanctis
989 3039 1153 3126 apostolis.
1200 3035 1267 3103 Sed
1394 3085 1402 3092 .

208 3141 324 3234 gravis
353 3165 450 3230 super
478 3143 541 3208 hac
572 3163 609 3208 re
640 3164 757 3208 moeror
782 3142 928 3208 habebat
961 3141 1136 3229 optimates
1168 3161 1264 3218 meos,

208 3244 329 3332 utpote
354 3267 515 3311 memores
545 3245 706 3311 malorum
729 3266 804 3332 quse
833 3244 895 3310 sub
927 3245 1000 3308 aliis
1030 3243 1164 3330 regibus
1194 3265 1266 3328 per-

209 3349 370 3430 tulerant,¹
393 3372 436 3416 ne
465 3354 562 3415 tanto
593 3348 726 3415 domino
752 3355 788 3414 et
809 3347 865 3436 pio
887 3347 1007 3434 patries
1030 3367 1106 3434 rege
1128 3346 1264 3412 absente

209 3475 350 3540 regnum
372 3453 503 3519 noviter
535 3453 685 3519 sedatum
713 3451 824 3537 aliqua
846 3450 1039 3516 turbaretur
1059 3447 1265 3530 hostilitate;

209 3561 245 3622 et
268 3560 454 3621 metuentes
478 3555 516 3622 id
538 3553 627 3641 quod
652 3561 687 3620 et
713 3558 846 3619 sanetus
870 3551 1034 3630 Ezechiae,
1057 3576 1109 3636 ne,
1130 3553 1158 3620 si
1180 3553 1265 3619 forte

210 3660 248 3725 in
277 3661 336 3724 via
359 3663 419 3724 aut
448 3657 647 3746 aegritudine
674 3662 733 3723 aut
763 3657 829 3723 alio
855 3656 1061 3724 incommodo
1085 3657 1263 3736 deficerem,

209 3761 419 3827 hereditariis
456 3763 588 3849 regibus
625 3765 782 3840 carerent,
821 3761 965 3826 maxime
1007 3761 1096 3846 qnod
1138 3761 1265 3826 nullum

209 3865 374 3930 habebam
397 3865 513 3944 filium,
540 3866 654 3952 itaque
679 3864 844 3930 communi
867 3863 984 3930 habito
1015 3863 1148 3929 consilio
1172 3885 1266 3950 roga·

211 3969 296 4033 bant
320 3990 372 4033 me
397 3973 437 4033 ut
461 3966 503 4032 ab
533 3967 596 4033 hac
625 3967 811 4034 intentione
842 3965 1041 4045 desisterem,
1075 3965 1265 4054 pollicentes

211 4093 246 4136 se
276 4071 502 4136 satisfacturos
528 4069 600 4136 Deo
625 4093 684 4158 pro
713 4074 796 4136 voto
822 4089 894 4134 meo
924 4075 994 4134 tam
1026 4069 1063 4133 111
1093 4069 1265 4134 missarum

212 4179 248 4239 et
275 4173 461 4240 orationum
486 4174 653 4240 oblatione
680 4194 781 4260 quam
806 4171 843 4237 in
868 4162 1146 4259 eleemosynarum
1173 4172 1265 4259 larga

212 4277 454 4345 distributione.
510 4277 576 4344 Sed
600 4299 674 4343 cum
698 4276 820 4342 obnixe
844 4275 1107 4354 contradicerem,
1129 4275 1265 4341 tandem
1278 4288 1434 4364 nmbasyto

211 4381 361 4466 utrisque
383 4381 516 4467 placuit,
538 4386 579 4446 ut
600 4380 814 4446 mitterentur
839 4378 941 4466 legati
964 4379 1029 4444 duo
1052 4379 1095 4444 ab
1124 4382 1265 4465 utraque
1278 4366 1366 4418 Rome.

212 4489 315 4571 parte,
347 4483 532 4548 Ealdredus
563 4489 599 4549 et
625 4482 857 4549 Heremannus
881 4481 1033 4570 episcopi,
1064 4486 1099 4547 et
1129 4481 1265 4548 abbates

211 4587 369 4653 Wlfn'cns
391 4591 426 4653 et
447 4586 622 4668 Alfwinus,
645 4587 703 4673 qui
725 4585 902 4674 apostolico
926 4607 1033 4652 meam
1057 4585 1265 4653 voluntatem

212 4695 248 4756 et
269 4695 387 4756 votum
412 4694 446 4756 et
472 4690 604 4756 illorum
630 4690 825 4778 petitionem
846 4689 1040 4756 indicarent.
1088 4689 1134 4755 Et
1155 4711 1267 4756 secun-

213 4795 294 4859 dum
318 4793 390 4860 eius
411 4793 610 4860 sententiam
633 4815 732 4879 quam
755 4793 838 4857 mihi
859 4793 1035 4860 mandaret
1056 4794 1192 4881 promisi
1213 4815 1266 4859 me

210 4897 345 4964 omnino
380 4897 553 4966 facturum
613 4895 754 4964 Factum
791 4900 842 4963 est
865 4919 944 4984 ergo
974 4898 1063 4982 quod
1084 4897 1268 4978 voluimus3
1353 4925 1356 4936 ·
