3567 5800
552 829 616 894 156
830 846 895 895 arc.
918 846 966 895 nn
987 848 1118 899 011110.
1142 848 1230 899 sese
1254 850 1342 899 11101.

546 1029 709 1111 civitates,
741 1056 814 1119 quae
837 1034 946 1101 adhuc
968 1035 1070 1101 dubio
1092 1036 1204 1102 favore
1226 1036 1426 1125 pendebant,
1448 1036 1482 1100 in
1501 1037 1573 1122 regis

544 1132 707 1199 fidelitate
738 1136 904 1221 putabant
938 1139 1186 1219 confirmandas,
1221 1139 1249 1205 si
1280 1140 1321 1203 de
1356 1138 1574 1204 rebellantibus

544 1257 660 1321 graves
682 1259 798 1323 poenas
820 1245 995 1305 sumerent.
1053 1242 1119 1307 Sed
1145 1242 1256 1308 Onuto
1279 1262 1347 1306 non
1370 1241 1486 1307 minori
1507 1264 1574 1327 prae·

543 1337 634 1403 ditus
665 1341 796 1430 astutia,
821 1342 922 1406 simili
956 1365 1009 1409 eos
1047 1342 1180 1430 ingenio
1218 1344 1441 1409 circumvenit.
1500 1342 1573 1407 Nam

376 1440 432 1491 'rue
444 1441 531 1490 Danas
544 1440 633 1507 idem
649 1441 762 1512 Cnuto
786 1449 821 1509 et
843 1446 914 1509 dux
935 1445 1044 1531 iniqua
1067 1446 1132 1523 ille,
1156 1446 1305 1533 proditor
1326 1446 1490 1512 infaustus
1503 1446 1574 1510 Ead-

373 1523 479 1626 iffi,
543 1544 637 1623 11010,
675 1547 767 1613 cuius
804 1547 923 1633 saepius
960 1547 1163 1613 mentionem
1193 1548 1336 1629 fecimus,
1374 1571 1450 1615 cum
1485 1548 1573 1613 multo

373 1641 472 1757 {lim-m
543 1648 693 1733 equitatu
715 1650 804 1737 apud
820 1650 1002 1715 Kirkelade
1024 1650 1147 1717 flumen
1171 1650 1352 1717 Thamense
1375 1657 1582 1737 transeuntes,¹

372 1724 530 1839 lroiiwifnn,
543 1756 621 1816 ante
651 1752 871 1839 Epiphaniam
904 1753 1038 1817 Domini
1070 1753 1226 1820 Merciam
1260 1754 1428 1819 hostiliter
1448 1755 1574 1819 intrave-

371 1843 507 1959 ffiffi‘i
542 1859 630 1933 runt,
654 1862 688 1920 01
709 1856 832 1921 multas
860 1856 896 1919 in
927 1856 1141 1921 Warwicensi
1163 1856 1333 1943 provincia
1363 1858 1461 1923 villas
1482 1858 1574 1921 incen-

371 1976 441 2025 Ap,
457 1947 528 2029 rino,
543 1955 665 2034 dentes,
704 1963 738 2022 01
782 1958 886 2045 spolia
924 1958 1097 2044 rapientes,
1136 1981 1346 2045 quoscunque
1392 1961 1573 2026 invenerunt

541 2058 688 2125 homines
703 2062 773 2127 sine
788 2061 1010 2126 misericordia
1024 2068 1241 2149 peremerunt.
1288 2062 1387 2143 Quod
1403 2068 1443 2127 ut
1460 2062 1572 2127 audivit

541 2161 744 2242 Edmnndns,
767 2165 949 2229 exercitum
971 2166 1193 2252 congregavit.
1240 2166 1306 2231 Sed
1330 2167 1486 2252 quoniam
1500 2165 1571 2229 Mer-

539 2286 649 2331 censes
663 2268 735 2331 sine
756 2289 832 2353 rege
855 2288 914 2332 suo
931 2266 1110 2333 Ethelredo
1131 2272 1166 2332 et
1189 2268 1316 2332 civibus
1343 2268 1571 2333 Londoniarum

538 2369 693 2453 congredi
717 2370 906 2445 noluerunt,
942 2369 1152 2455 expeditione
1190 2370 1325 2434 dimissa
1362 2370 1571 2456 unusquisqne

536 2469 580 2534 ad
606 2472 737 2558 propria
762 2473 931 2537 remeavit.
986 2473 1077 2537 Tunc
1103 2472 1215 2539 Canto
1247 2473 1290 2537 ad
1317 2474 1436 2538 urbem
1460 2470 1572 2537 Londo-

535 2574 666 2639 niarum
702 2575 882 2641 exercitum
922 2576 1051 2653 ducens,
1091 2576 1182 2639 illam
1227 2575 1398 2641 obsidione
1443 2574 1570 2640 vallavit

535 2676 602 2741 Sed
623 2700 698 2743 cum
719 2680 834 2743 urbem
857 2678 950 2763 quasi
972 2677 1261 2764 inexpugnabilem
1283 2680 1485 2765 repperisset,
1501 2676 1572 2741 obsi·

535 2780 630 2846 dione
653 2780 793 2858 dimissa,
817 2781 974 2845 Merciam
998 2781 1119 2844 iterum
1141 2780 1310 2858 invadens,
1334 2781 1429 2845 illam
1451 2780 1572 2867 spoliare

533 2884 673 2949 vacavit.
720 2883 848 2951 Contra
862 2907 958 2969 quem
980 2882 1174 2948 Edmundus
1190 2884 1371 2949 exercitum
1386 2889 1570 2961 construens,

533 2986 621 3072 patri
650 3009 716 3063 suo,
748 2987 806 3073 qui
837 2992 919 3052 tunc
951 2985 1131 3051 Londoniis
1161 2985 1412 3073 perendinabant,
1452 2986 1571 3052 nuntios

533 3089 683 3176 dirigens,
707 3091 845 3176 rogavit,
868 3095 909 3155 ut
930 3089 1056 3155 viribus
1079 3089 1224 3154 collectis
1247 3096 1365 3155 contra
1397 3091 1569 3157 Cnutonem

532 3192 644 3257 venire
678 3197 867 3257 1111111101.
923 3191 1085 3272 Quicum
1117 3197 1237 3258 conatu
1261 3193 1373 3258 valido
1401 3195 1446 3259 ad
1476 3194 1568 3258 filium

532 3296 675 3375 veniens,
692 3317 766 3361 cum
789 3293 942 3381 proelium
965 3299 1079 3360 contra
1095 3295 1282 3362 Cnutonem
1304 3303 1414 3364 essent
1438 3294 1569 3363 crimmis

530 3399 607 3476 suri,
641 3399 834 3463 intimatum
863 3403 914 3462 est
937 3397 1117 3462 Ethehedo
1149 3399 1228 3486 regi,
1255 3401 1432 3485 quodnisi
1455 3399 1569 3465 mutius

531 3502 595 3566 sibi
617 3501 812 3587 provideret,
836 3522 896 3565 rex
910 3500 980 3586 ipse
995 3523 1016 3565 a
1029 3505 1129 3586 gente
1144 3501 1276 3587 propria
1298 3501 1452 3568 hostibus
1474 3499 1567 3566 trade·

530 3609 629 3668 retur.
676 3604 750 3682 Quo
776 3602 893 3668 audito
917 3625 976 3668 rex
1003 3603 1189 3668 Londonias
1211 3604 1319 3682 rediit,
1337 3610 1371 3669 et
1386 3603 1568 3669 Edmundus

531 3707 619 3771 filius
641 3707 711 3771 eius
726 3707 759 3770 N
761 3705 1001 3771 orthumhriam
1016 3704 1144 3792 petivit.
1190 3705 1263 3786 Quo
1278 3729 1353 3771 cum
1368 3707 1568 3794 pervenisset,

362 3811 481 3862 numund
533 3832 607 3875 cum
623 3809 774 3875 Uthredo
796 3809 915 3874 comite
939 3808 1204 3890 Staffordensem‚
1229 3809 1567 3886 Schrohesberienscm,

363 3895 512 4009 {imm
532 3920 566 3979 et
596 3914 678 3978 alias
704 3934 804 3997 quam
834 3911 944 4000 plures
975 3911 1160 3998 provincias
1192 3911 1383 3998 depopulati
1417 3918 1505 3992 sunt,
1535 3931 1567 3973 eo

361 4013 490 4129 pssffis·
532 4017 617 4104 quod
641 4016 768 4082 nollent
800 4019 917 4080 contra
940 4013 1052 4078 Danos
1083 4036 1158 4079 cnm
1190 4014 1236 4079 eis
1267 4014 1311 4078 ad
1333 4021 1500 4081 certamen
1521 4035 1567 4076 ve

372 4095 400 4128 or
470 4097 492 4130 ρ’
528 4121 608 4186 nire.
654 4119 765 4185 cnuto
796 4139 925 4203 quoque
958 4117 1088 4181 interim
1126 4119 1247 4183 multas
1281 4117 1484 4206 depopulans
1504 4137 1567 4204 pro·

361 4225 466 4278 caucin
528 4222 660 4299 vincius,
683 4222 817 4286 tandem
840 4219 1116 4285 Northumbriam
1139 4220 1337 4286 devastavit
1384 4221 1481 4300 Quod
1502 4239 1565 4283 cum

361 4295 499 4412 pppppn
526 4327 678 4390 auditum
701 4325 816 4388 suisset
837 4323 879 4387 ab
896 4321 1049 4387 Uthredo
1072 4323 1199 4402 comite,
1224 4323 1280 4408 qui
1303 4345 1376 4389 cum
1401 4320 1565 4388 Edmundo

526 4435 606 4507 erat,
640 4428 676 4491 in
706 4423 980 4491 Northumbriam
1010 4447 1159 4490 reversus
1194 4431 1251 4503 est,
1285 4431 1320 4491 01
1354 4426 1481 4491 obsides
1513 4443 1564 4510 pro

525 4533 614 4618 pacis
636 4531 721 4596 bono
745 4529 892 4596 Onutoni
916 4528 1018 4592 dedit.
1081 4527 1146 4593 Sed
1169 4550 1236 4592 non
1259 4529 1365 4594 multo
1388 4534 1463 4615 post
1484 4528 1563 4592 idem

525 4633 696 4700 Uthredus
718 4639 753 4698 et
775 4630 978 4697 Turkctillus
1000 4631 1134 4696 comites
1157 4631 1455 4697 Northnmhrorum
1482 4630 1562 4696 Cau-

524 4743 602 4804 tone
623 4736 757 4801 iubente
781 4758 802 4800 a
822 4733 1030 4800 Terebrando
1053 4734 1124 4798 viro
1148 4733 1274 4799 Danico
1295 4741 1375 4800 sunt
1400 4731 1562 4821 perempti.
