3567 5800
517 871 564 920 nr
585 871 703 922 cesus
727 871 849 924 eroon
871 872 1070 925 sucu-w.
1093 862 1146 924 51.
1280 858 1347 925 333

297 1058 455 1143 martyris
492 1058 724 1141 aedificaverat,
759 1060 910 1148 pollicem
947 1061 1133 1126 dexterum·
1156 1049 1347 1145 frequenter

297 1159 499 1246 protendere,
523 1167 558 1226 13
586 1163 718 1249 signum
739 1165 844 1230 crucis
865 1163 969 1228 fronti
990 1185 1010 1229 e
1035 1163 1168 1251 regione
1189 1163 1345 1250 pingere:

298 1262 540 1350 delectatusque
562 1264 750 1344 admodum,
776 1273 794 1304 “
807 1265 1019 1353 Nunquam?
1040 1265 1163 1352 inquit,
1186 1274 1204 1300 “
1219 1270 1347 1352 putres·

299 1370 353 1431 cut
376 1365 430 1431 bic
451 1365 605 1454 digitus”
651 1367 882 1456 Continuoque
904 1369 993 1434 inter
1023 1369 1196 1434 missurum
1221 1366 1349 1454 egendo

297 1469 448 1554 prorupit
489 1469 525 1534 in
561 1468 711 1536 lacrimas
748 1471 830 1537 adeo
867 1471 1021 1560 profluus,
1057 1474 1097 1535 113
1131 1468 1348 1557 singultiente

299 1591 378 1636 voce
409 1569 605 1659 discipulum
634 1594 736 1660 prope
768 1579 934 1640 astantem
966 1577 1163 1639 concuteret
1223 1571 1349 1658 Reique

298 1693 427 1738 musam
450 1675 616 1760 quesitus,
649 1683 668 1710 “
683 1675 791 1757 cito?
813 1676 874 1755 113,
900 1684 920 1712 “
935 1676 1005 1741 brec
1030 1673 1149 1740 floride
1170 1695 1245 1740 roso
1264 1694 1351 1738 mar·

299 1779 422 1853 cescet;
456 1777 523 1842 cito
554 1778 627 1842 evis
658 1777 778 1844 dilecte
809 1777 882 1844 Deo
914 1777 1064 1844 evolabit
1101 1781 1178 1864 post
1215 1766 1275 1841 11111
1306 1774 1350 1840 ab

299 1875 359 1942 hoc
382 1877 436 1944 die
462 1879 690 1966 septimenee”
735 1879 926 1967 Oonsequte
948 1885 999 1946 est
1028 1901 1047 1944 e
1071 1879 1214 1966 vestigio
1239 1900 1349 1942 rerum

298 1980 422 2045 veritus
453 1981 641 2068 pontificale
675 1981 892 2048 vaticinium.l
955 1982 1108 2068 Namque
1139 1980 1198 2046 illc
1227 1978 1349 2045 nobilis

299 2082 458 2168 propositi
481 2089 592 2162 tenax,
619 2085 779 2170 praedicte
809 2086 864 2151 die
896 2085 981 2151 citro
1003 2085 1149 2150 iuventae
1169 2083 1348 2148 terminum

300 2183 432 2258 efflavit,
456 2205 531 2250 eum
554 2193 640 2252 esset
663 2208 825 2252 annorum
847 2187 972 2274 viginti
993 2187 1105 2253 trium.
1151 2184 1222 2251 Nec
1244 2184 1350 2248 multo

299 2291 373 2372 post
417 2285 504 2352 idem
548 2287 666 2354 beatus
705 2287 901 2355 Dunstenus
945 2287 1034 2354 vidit
1078 2289 1186 2354 somni
1223 2287 1349 2351 visione

298 2393 447 2454 sunctum
470 2388 668 2476 Dionysium
699 2389 924 2458 beatissimum
950 2390 1115 2479 virginem
1148 2389 1349 2476 Eedgitbam

299 2490 517 2557 amicabiliter
554 2513 656 2557 runnu
693 2498 872 2575 tenentem,
910 2499 945 2560 et
983 2516 1025 2559 ex
1062 2491 1193 2559 oraculo
1227 2491 1351 2557 Divino

298 2598 486 2658 constanter
514 2594 683 2660 iubentem
714 2602 753 2662 113
785 2619 806 2661 a
839 2596 972 2663 famulis
1006 2595 1279 2662 honorificaretur
1314 2593 1350 2658 in

299 2695 405 2777 terris,
428 2696 513 2762 sicut
535 2719 555 2762 a
578 2696 705 2784 Sponso
728 2703 762 2764 et
783 2698 927 2765 Domino
949 2699 1172 2764 venerabatur
1194 2697 1229 2762 in
1251 2696 1349 2761 coelis.

300 2799 355 2864 Its
377 2798 654 2865 crebrescentibus
679 2800 723 2866 ed
753 2801 904 2867 tumbam
934 2801 1108 2879 miraculis,
1132 2800 1276 2866 edictum
1300 2804 1350 2863 est

298 2908 338 2967 ut
375 2922 490 2989 corpus
527 2902 714 2991 virgineum
754 2904 921 2971 levaretur
958 2915 993 2971 13
1033 2904 1134 2971 ultius
1172 2902 1350 2968 efferretur.

300 3002 543 3091 Inventumque
580 3010 630 3071 est
668 3010 778 3097 totum
811 3006 848 3071 in
885 3008 1009 3073 cineres
1039 3007 1193 3086 solutum,
1232 3009 1351 3090 praeter

299 3106 442 3194 digitum
471 3112 505 3173 et
536 3107 648 3173 ulrum
678 3112 713 3173 et
743 3108 819 3174 alvo
846 3108 1001 3175 subiecto
1046 3107 1147 3173 Unde
1178 3106 1351 3192 disputan-

300 3208 391 3274 tibus
427 3210 602 3287 nonnullis,
637 3210 694 3275 uni
733 3231 776 3275 ex
809 3210 862 3275 his
901 3212 958 3297 qui
987 3210 1143 3275 viderent
1172 3207 1350 3273 dormienti

298 3311 394 3397 virgo
423 3311 496 3398 ipsc
525 3312 644 3391 estitit,
676 3312 786 3379 dicens
817 3333 885 3378 non
918 3312 1040 3378 mirum
1072 3333 1149 3387 esse,
1180 3310 1210 3374 si
1239 3316 1350 3395 partes

299 3413 365 3479 illae
402 3414 547 3501 corporis
585 3414 783 3501 putruerint,
823 3414 913 3500 quod
950 3435 1027 3479 usus
1072 3410 1196 3478 habeut
1233 3412 1350 3477 exoni-

299 3521 388 3581 mete
411 3536 545 3603 corpora
563 3516 627 3604 [in]
645 3518 805 3603 quosdam
819 3515 978 3582 arcanos⁸
993 3520 1122 3581 1111311111
1144 3514 1236 3580 illius
1258 3514 1349 3579 sinus

300 3617 450 3701 defluere,
481 3624 516 3684 et
550 3619 624 3707 ipse
657 3625 774 3707 utpote
800 3618 913 3707 puello
945 3618 1101 3685 membris
1137 3616 1205 3683 illis
1239 3640 1349 3704 pecce-

300 3723 406 3798 verit3
433 3727 577 3787 ceterum
599 3722 685 3787 iuste
704 3728 857 3788 ventrem
879 3721 972 3787 nullu
987 3722 1149 3808 corrumpi
1164 3720 1348 3808 putredine,

300 3824 356 3909 qui
378 3823 470 3889 nulle
492 3826 536 3890 sit
558 3826 726 3891 conlectus
747 3847 896 3912 unquam
917 3824 1085 3891 libidine:
1113 3824 1292 3890 immunem
1315 3844 1350 3888 se

300 3926 398 3993 fuisse
421 3928 562 4015 cropulro
585 3933 620 3994 et
642 3928 781 3993 carnalis
803 3927 938 4015 oopulae.

703 4180 954 4246 Oonrmusrro.
1363 4178 1433 4229 run.
1472 4245 1479 4259 .

1362 4246 1449 4297 Mnlm.
1461 4244 1488 4295 11.

346 4372 441 4439 sm
470 4372 577 4440 ambe
605 4373 679 4439 ocae
710 4370 855 4459 virgines
877 4371 1007 4437 merses
1038 4369 1106 4436 suis
1132 4368 1263 4457 unguo
1287 4367 1350 4433 fur-
1363 4312 1378 4379 ⁵
1391 4318 1448 4362 ²¹⁹·

301 4474 394 4541 ciunt
424 4475 582 4553 coenobio,
605 4474 761 4540 adunatis
786 4475 824 4539 in
849 4479 991 4561 utroque
1020 4474 1201 4538 multorum
1231 4472 1351 4537 soncti-

317 4619 551 4627 -.—--——-——-
564 4620 631 4626 ---..
648 4618 655 4625 .
699 4620 704 4624 .
723 4618 756 4625 »0
769 4618 923 4625 -..ψ-----
941 4618 963 4623 .-
1002 4618 1018 4623 --
1056 4618 1064 4624 ι
1082 4618 1092 4623 -
1115 4616 1349 4624 ----.---....

884 4688 1032 4755 ²crocum]
1050 4688 1179 4750 1111111111,
1191 4688 1248 4739 MS.
1281 4687 1351 4739 Will.

882 4770 940 4822 alm.
953 4770 1028 4820 omits
1038 4767 1113 4822 1111111.

336 4694 342 4723 ¹
362 4692 515 4759 1111111111]
535 4691 662 4751 viaticum,
674 4690 730 4741 MS.
815 4694 821 4825 p

851 4770 881 4821 M
