3567 5800
515 832 580 897 288
775 843 843 895 mo.
866 844 915 895 nn
937 845 1071 897 omaso.
1095 846 1184 898 srnc.
1208 846 1296 899 nrsr.

514 1033 597 1099 feros
620 1055 707 1099 mors
729 1037 764 1099 et
786 1039 933 1120 pastores
956 1034 1169 1121 depascot'et
1191 1056 1276 1103 oves.
1330 1034 1398 1101 Sed
1420 1040 1453 1101 et
1475 1037 1562 1123 prin·

514 1138 601 1223 cipes
631 1142 729 1203 terrae
757 1136 918 1215 infideles,
949 1138 1029 1203 socii
1060 1137 1180 1217 furum,
1217 1139 1388 1227 praedones
1425 1139 1559 1225 petriae3

514 1238 635 1325 quibus
665 1260 725 1305 nec
759 1239 850 1306 Deus
880 1238 993 1305 timori
1026 1244 1079 1305 est
1112 1262 1171 1307 neo
1192 1240 1249 1307 lex
1271 1241 1407 1322 honori;
1444 1241 1562 1326 quibus

513 1342 636 1407 veritos
668 1341 769 1423 oneri,
802 1341 855 1407 ius
887 1344 1103 1429 contemptui,
1140 1344 1314 1411 crudelitas
1345 1344 1565 1411 delectationi.

513 1442 632 1531 Itaque
653 1464 713 1511 nec
746 1443 877 1531 praelsti
897 1444 1071 1527 iustitiam,
1093 1466 1154 1511 nec
1174 1452 1310 1512 servant
1342 1446 1472 1512 subditi
1495 1446 1558 1511 dis·

512 1546 674 1634 oiplinam.
731 1546 777 1611 Et
809 1568 880 1613 ecoe
904 1546 1067 1613 Dominus
1098 1547 1247 1635 gladium
1277 1570 1375 1614 suum
1406 1548 1563 1629 vibravit,

511 1670 625 1714 arcum
661 1670 759 1715 sunm
795 1649 947 1728 tetendit,
987 1654 1021 1715 et
1058 1651 1190 1737 paravit
1226 1651 1331 1717 illum.
1402 1650 1564 1717 Ostendet

512 1750 664 1839 deinceps
700 1752 798 1839 poulo
835 1751 913 1817 hino
946 1752 1031 1816 irem
1065 1756 1100 1817 et
1131 1752 1404 1840 indignationem,
1440 1753 1566 1818 immis-

512 1853 618 1919 siones
640 1854 772 1942 insuper
804 1874 863 1941 per
885 1854 1018 1941 angelos
1041 1854 1145 1921 malos
1177 1854 1295 1940 quibus
1329 1855 1450 1921 traditi
1486 1860 1563 1920 sunt

511 1978 599 2023 anno
630 1978 697 2022 uno
719 1961 756 2022 et
776 1954 831 2021 die
851 1977 919 2022 nno
941 1957 1018 2043 igne
1051 1956 1151 2021 simul
1182 1961 1227 2037 et¹
1248 1956 1361 2043 gladio
1394 1957 1561 2044 puniendi.

513 2058 596 2125 Haeo
616 2059 673 2124 illi
729 2058 801 2146 Ego
822 2080 901 2124 vero
924 2058 966 2123 ob
988 2058 1190 2125 intentatam
1213 2080 1294 2125 meae
1316 2060 1411 2146 genti
1433 2058 1563 2124 colami-

511 2166 616 2228 tatem
640 2161 754 2227 dolens
775 2166 876 2246 atque
897 2160 1072 2247 suspirans,
1098 2160 1166 2227 ‘Et
1188 2160 1239 2243 0,'
1261 2162 1407 2248 inquam,
1431 2161 1563 2228 ‘coeles-

511 2264 599 2329 tium
620 2268 817 2329 secretorum
840 2262 969 2341 conscii,
1004 2264 1032 2329 si
1058 2264 1206 2329 conversi
1239 2263 1369 2350 egerint
1403 2264 1562 2351 paeniten-

512 2367 604 2446 tiam,
636 2365 798 2451 numquid
833 2386 902 2430 non
933 2365 1080 2452 ignoscet
1102 2365 1203 2445 Deus,
1237 2371 1272 2431 et
1293 2366 1459 2453 relinquet
1490 2370 1562 2453 post

511 2488 546 2533 se
576 2468 861 2533 benedictionem?
917 2466 1138 2533 Paenitentie¹
1175 2473 1263 2535 certe
1294 2468 1461 2556 prolatam
1499 2468 1560 2533 Dei

512 2592 568 2635 ore
589 2570 627 2634 in
648 2568 814 2634 Ninivitis
836 2568 1010 2657 suspendit
1033 2571 1252 2636 sententiam:
1276 2592 1351 2657 quae
1374 2571 1480 2636 etiam
1501 2571 1559 2635 im-

512 2672 691 2738 minentem
714 2671 917 2758 impiissimo»
930 2670 1046 2737 Achab
1069 2671 1215 2738 debitam
1238 2671 1370 2738 distulit
1392 2672 1558 2737 ultionem.

512 2774 665 2840 Suadebo
688 2774 792 2862 igitur
821 2774 916 2861 genti
940 2796 1023 2841 meoe
1045 2778 1085 2839 ut
1107 2774 1292 2861 poeniteant
1313 2773 1355 2840 de
1385 2776 1560 2861 praeteritis

512 2883 548 2945 et
578 2881 716 2945 caveant
748 2877 789 2944 de
810 2876 953 2958 firturis;
985 2882 1019 2944 et
1042 2877 1088 2944 sic
1110 2876 1195 2944 forte
1226 2876 1439 2945 miserebitur
1462 2879 1557 2959 Deos,

412 3049 416 3056 ,
512 2986 639 3048 utnon
661 2982 798 3046 inducet
820 3001 919 3067 super
940 3001 995 3046 eos
1017 2979 1142 3046 malum
1164 2980 1226 3047 hoc
1255 2981 1390 3068 grande,
1424 2981 1483 3047 sed
1503 2982 1559 3068 qui

511 3083 629 3169 punire
660 3083 860 3171 praeparavit
891 3101 1031 3158 aversos,
1062 3082 1199 3170 recipiet
1227 3081 1264 3147 in
1296 3083 1442 3170 gretiam
1464 3083 1559 3148 solita

512 3185 661 3251 bonitate
683 3181 874 3251 conversos’
920 3182 1172 3270 ‘Nequaquam'
1194 3184 1360 3271 inquiunt,
1386 3185 1557 3271 ‘quoniam

512 3287 703 3353 induratum
736 3292 787 3353 est
818 3308 873 3352 cor
906 3286 1020 3374 populi
1051 3286 1150 3352 huius
1172 3291 1207 3352 et
1229 3286 1384 3353 excaecati
1419 3286 1507 3354 oculi
1527 3293 1558 3352 ot

510 3411 605 3455 omes
627 3395 825 3478 aggravatae,
858 3393 898 3455 nt
919 3410 979 3454 nec
1001 3388 1140 3455 audiant
1165 3389 1394 3476 corripientem
1417 3411 1480 3456 neo
1510 3390 1559 3454 in·

509 3489 687 3578 telligant²
708 3494 970 3556 commonentem
992 3511 1053 3556 neo
1068 3495 1254 3557 terreantur
1268 3489 1367 3556 minis
1381 3513 1443 3558 neo
1465 3491 1560 3557 bene·

510 3593 593 3658 ficiis
615 3592 850 3680 provocentur!
894 3591 959 3658 His
981 3613 1093 3658 eorum
1116 3592 1225 3659 verbis
1248 3594 1327 3660 dum
1348 3593 1433 3659 mihi
1456 3595 1558 3659 maior

510 3700 703 3762 accresceret
734 3695 929 3772 sollicitudo,
978 3695 1140 3762 ‘Itenel'
1177 3696 1322 3783 inquam,
1363 3695 1427 3760 ‘In
1448 3719 1559 3784 perpe·

510 3803 606 3864 tuum
628 3798 786 3865 irascetur
808 3798 907 3875 Deus,
940 3803 974 3864 et
1001 3819 1069 3864 non
1091 3803 1242 3885 apponet,
1275 3803 1315 3864 ut
1336 3799 1558 3885 complacitior

510 3901 555 3967 sit
585 3901 716 3966 adhucl
771 3899 911 3981 Quando
934 3904 987 3965 tot
1008 3900 1158 3966 tristibus
1182 3899 1260 3967 laete
1282 3901 1469 3981 succedent,
1500 3907 1559 3966 aut

510 4009 564 4071 tot
584 4005 722 4070 adversa
744 4003 849 4090 quolis
871 4003 1050 4070 consolatio
1080 4002 1300 4090 temperabit?
1356 4001 1462 4084 Quale
1492 4025 1561 4090 spe

511 4108 652 4174 randum
682 4111 734 4172 est
769 4107 806 4170 in
836 4105 888 4170 his
919 4104 1014 4172 molis
1051 4105 1240 4186 remedium,
1278 4110 1319 4171 ut
1351 4106 1438 4171 sicut
1470 4105 1561 4172 illino

511 4215 614 4276 terret
635 4213 670 4276 et
691 4209 867 4274 contristat
887 4205 1030 4284 afflictio
1047 4207 1095 4273 ite
1116 4206 1193 4274 hinc
1214 4207 1459 4294 aliquantulum
1477 4209 1559 4273 mnl-

343 4318 458 4371 Asello·
512 4317 585 4379 oeot
606 4312 738 4378 Divinae
760 4309 978 4376 miserationis
1012 4309 1221 4396 promissiol'
1275 4310 1330 4375 Ad
1361 4309 1432 4376 haec
1454 4310 1558 4375 saneti

344 4401 416 4452 8⁰¹5·
512 4416 579 4481 tale
601 4415 683 4481 mihi
713 4411 879 4501 problema
909 4418 1118 4500 proponunt:
1155 4412 1282 4480 ‘Arbor
1303 4412 1460 4498 quaelibet
1481 4413 1560 4477 viri-

546 4759 722 4829 'perimam
741 4757 914 4824 penitentiam,
925 4755 982 4808 Ms.
1021 4757 1028 4824 l
1090 4753 1266 4821 ²iatelb'9cat]
1284 4753 1484 4819 intelligettis.
