3567 5800
442 827 489 877 na
510 826 624 879 oraria
647 827 768 881 aanor
789 830 983 881 arona-w.
1003 818 1118 881 14-16.
1246 814 1308 882 231

262 1017 313 1081 uai
351 1038 450 1103 quam
489 1016 651 1085 Dominus
688 1018 723 1083 in
761 1018 859 1085 beato
889 1018 987 1085 Petro
1024 1018 1181 1085 concessit
1216 1017 1312 1082 nobis

263 1119 395 1197 dioene‚¹
435 1120 671 1209 ‘Quaecunque
708 1122 874 1189 solveritis
905 1144 1005 1209 super
1034 1128 1164 1198 terram,
1203 1120 1312 1186 soluta
1324 1124 1381 1176 The
1391 1126 1462 1175 char·

261 1226 360 1287 erunt
382 1228 417 1289 et
439 1222 475 1289 in
498 1223 604 1291 coelia?
665 1224 794 1291 Deinde
825 1225 1033 1313 praeeipimua
1065 1224 1129 1291 tibi
1160 1224 1222 1290 sub
1252 1194 1462 1310 no-ffieffe

261 1324 351 1389 mine
384 1332 505 1393 sanctae
540 1326 736 1395 obedientiae
769 1334 804 1394 et
835 1328 1045 1415 paenitentiae,
1079 1333 1120 1394 ut
1150 1327 1472 1444 expenaaarflpeeeueae

262 1449 342 1513 quaa
375 1429 418 1493 ad
449 1430 513 1497 iter
547 1431 637 1496 istud
674 1452 848 1518 paraveras
884 1430 1084 1520 pauperibus
1117 1452 1237 1519 erogea,
1276 1402 1479 1518 etffiffiffiess

261 1532 445 1599 coenobium
475 1536 709 1601 monachorum
733 1536 768 1601 in
791 1535 914 1603 honore
934 1534 1042 1601 saneti
1064 1534 1155 1601 Petri
1180 1536 1466 1621 aposto-mererer

259 1635 367 1701 lorum
403 1637 560 1725 principie
597 1642 656 1705 aut
692 1659 816 1703 novum
847 1643 1018 1705 construas
1048 1644 1108 1703 aut
1136 1641 1308 1703 vetustum
1321 1596 1477 1712 ffiffli

260 1739 410 1805 emendes
432 1745 467 1805 et
489 1762 616 1827 augeae,
641 1748 677 1807 et
697 1742 924 1808 sufficientiam
938 1733 1135 1832 victualium
1149 1740 1308 1806 fratribus
1321 1744 1415 1808 Beroe,
1503 1806 1507 1814 ,

260 1841 301 1907 de
322 1842 391 1906 tuis
412 1842 573 1908 reditibus
596 1844 787 1926 constituae,
812 1844 979 1930 quatinus,
1004 1844 1083 1909 dum
1105 1843 1157 1908 illi
1179 1818 1410 1909 midue⁹·²³⁶·

258 1944 344 2010 inibi
378 1945 486 2011 Deum
526 1947 743 2028 laudaverint,
776 1953 811 2013 et
843 1948 966 2015 sannis
1010 1956 1170 2035 augeatur
1202 1944 1310 2034 gloria

259 2053 293 2114 et
314 2049 379 2114 tibi
401 2049 614 2138 indulgentia
677 2050 740 2117 Oui
763 2051 832 2118 loco
855 2051 1013 2139 quicquid
1034 2049 1220 2131 contuleris,
1254 2049 1310 2115 vel

259 2152 414 2219 collatum
436 2158 495 2235 eet,
530 2153 584 2219 rel
607 2154 801 2233 conferetur,
833 2160 873 2220 ut
895 2160 1007 2220 ratum
1041 2154 1098 2233 eit,
1119 2153 1311 2241 apostolica

259 2256 457 2322 auctoritate
478 2256 704 2344 precipimue3
727 2262 761 2323 et
791 2262 831 2323 ut
852 2280 981 2345 semper
1001 2256 1166 2322 habitatio
1197 2272 1311 2323 mono·

258 2358 393 2425 chorum
415 2358 469 2441 ait,
492 2364 527 2425 et
548 2360 632 2425 nulli
661 2359 753 2427 laicae
775 2382 922 2447 personae
944 2360 1009 2426 nisi
1034 2359 1106 2447 regi
1128 2360 1309 2437 eubdetnr;

259 2468 295 2527 et
328 2483 533 2549 quaecunque
567 2462 742 2551 privilegia
773 2462 821 2529 ibi
858 2464 1061 2529 constituere
1086 2462 1232 2528 volneris
1267 2463 1312 2528 ad

257 2564 419 2632 honorem
450 2564 514 2632 Dei
545 2567 755 2653 pertinentia,
779 2567 987 2633 concedimus
1017 2570 1052 2632 et
1082 2565 1314 2631 robustissima

255 2672 455 2736 auctoritate
477 2671 719 2749 confirmamus,
744 2676 779 2737 et
809 2670 1004 2739 infractores
1036 2692 1150 2737 eorum
1182 2675 1309 2737 aeterua

255 2773 488 2841 maledictione
512 2770 738 2841 damnamus.''

684 3209 763 3278 Ore.
788 3209 880 3278 XVI.

270 3415 321 3482 De
344 3415 543 3483 revolutione
566 3421 595 3483 ot
618 3413 727 3481 litorio
751 3411 883 3480 ‘ioeluei
906 3411 1090 3481 cuiusdam
1112 3412 1160 3481 od
1180 3435 1291 3502 repom
1318 3433 1417 3494 Ainea

590 3517 806 3584 Edroordum
830 3515 973 3586 directio.
1318 3501 1432 3554 ⁰0¹·382·

302 3719 606 3788 Resporsrrnos²
628 3719 714 3807 regis
745 3723 779 3787 et
812 3719 918 3785 literis
949 3719 1115 3808 pontificia
1138 3721 1305 3787 oraculum

253 3822 386 3892 coeleste
420 3823 593 3904 concurrit,
626 3823 714 3910 quod
747 3843 815 3888 non
847 3823 945 3910 longe
976 3824 1150 3910 agentibus
1176 3824 1305 3891 nuntiis

251 3927 327 3994 viro
365 3924 495 3994 cuidam
533 3931 646 3992 saneto
685 3925 766 4012 quid
804 3925 919 3991 Romae
957 3927 1100 4013 egissent
1144 3927 1304 3994 nescienti
1317 3928 1409 3979 vision
1419 3932 1448 3979 of

253 4029 475 4119 apostolorum
506 4029 652 4118 principe
686 4025 750 4094 eibi
783 4033 960 4118 apparente
993 4030 1173 4116 personuit.
1220 4031 1303 4095 Erat
1316 3996 1472 4123 {Laffim

253 4131 309 4198 vir
337 4133 400 4199 iste
423 4131 561 4198 dilectus
585 4133 655 4198 Deo
679 4137 713 4198 et
736 4130 933 4212 horninibus,
966 4131 1025 4217 qui
1047 4153 1145 4219 epecu
1175 4129 1303 4198 subter·
1315 4129 1347 4180 he
1358 4130 1462 4180 0¹1⁰0⁶⁰⁵

252 4253 353 4301 raneo
386 4235 501 4301 multia
532 4236 627 4300 annis
657 4227 800 4300 inclusus
831 4255 964 4298 auorum
1002 4238 1074 4299 erat
1110 4234 1302 4302 meritorum
1315 4195 1422 4315 mer

253 4339 428 4426 stipendiis
459 4337 524 4403 ianr
556 4337 692 4404 vicinus.
752 4337 843 4404 Huic
866 4335 982 4401 Petrae
1020 4335 1228 4404 beatissimus
1265 4336 1302 4403 in
1315 4331 1464 4382 s⁰¹i¹¹⁰⁵i1⁰

252 4441 380 4508 visione
406 4441 511 4506 noctie
541 4439 703 4522 assistens,
735 4455 810 4507 cum
840 4445 966 4506 metum
999 4439 1088 4506 vocis
1102 4482 1106 4488 ·
1122 4463 1159 4506 ac
1189 4397 1466 4531 vultuaifoffiffi

1076 4647 1080 4650 .
1089 4643 1306 4652 v.----—.·-·-—-=

354 4769 583 4826 =naaxaa1a
800 4767 806 4838 ι
852 4763 970 4836 wop]
997 4761 1201 4836 ceonred.
