3567 5800
501 835 544 900 60
659 859 664 871 ·
769 847 834 898 rus.
858 847 907 898 nr
927 847 1060 898 annuc.
1082 847 1170 898 srnu
1192 847 1279 898 nisu.

327 1357 484 1478 Rosfffflt
521 1355 772 1426 coruinum.
839 1354 883 1424 Ut
913 1352 1146 1422 AEttetetaaau
1166 1374 1228 1423 aaa
1248 1373 1399 1422 sororem
1419 1373 1525 1421 mum

327 1431 462 1548 ἦιξα
908 1455 1134 1527 maritaverit

327 1563 465 1616 AD.925.

325 1668 459 1735 Ffldslthe
540 1663 803 1734 AErflmsrsrrus
839 1686 900 1732 rex
932 1664 1118 1752 Anglornm
1161 1661 1364 1752 Badgithanr
1401 1682 1547 1728 sororem

325 1737 425 1855 ,Ἦ
494 1787 588 1833 suam
611 1767 764 1847 Sihtrico,
788 1765 919 1834 Danica
939 1767 1076 1833 natione
1105 1767 1279 1855 progenito
1301 1764 1549 1832 Northumbro-

323 1871 404 1926 mter.
493 1891 568 1934 rum
600 1869 678 1958 regi,
711 1869 923 1936 matrimonio
954 1868 1133 1936 honorifice
1163 1867 1340 1956 copulavit
1401 1868 1468 1949 Qui
1499 1867 1545 1935 ob

492 1993 636 2039 amorem
657 1972 796 2061 virginis
828 1971 1058 2062 paganismum
1087 1971 1274 2058 relinquens
1295 1971 1396 2036 fidem
1419 1970 1546 2038 Christi
1749 2060 1751 2063 Ι

491 2074 655 2162 suscepit;
686 2075 743 2142 sed
764 2095 832 2140 non
852 2075 961 2142 multo
992 2078 1070 2162 poet
1095 2075 1228 2141 beatam
1249 2073 1415 2162 virginem
1447 2094 1546 2160 repu-
1749 2076 1751 2151 t

491 2176 593 2256 dinus,
625 2197 664 2242 aa
686 2176 972 2244 Christianitatsm
993 2176 1148 2257 abiciens,
1178 2175 1341 2243 idolorum
1374 2174 1543 2243 culturam
1749 2196 1751 2205 ·

490 2279 699 2361 restauravit,
714 2283 749 2346 et
763 2285 838 2366 post
852 2279 1017 2347 modicum
1032 2280 1189 2368 temporis
1210 2283 1420 2368 apostatatus
1434 2279 1544 2346 vitum

490 2380 722 2449 miserabiliter
758 2381 964 2451 terminavit.
1017 2380 1148 2454 *Sancta
1183 2381 1296 2468 itaque
1332 2381 1444 2470 puella
1472 2381 1544 2448 vir·

489 2484 631 2571 ginitate
664 2483 729 2550 sibi
757 2490 926 2552 reservata
954 2484 1045 2572 apud
1073 2483 1306 2575 Pollesberianr
1342 2483 1378 2549 in
1409 2483 1543 2551 ieiuniis

490 2589 525 2651 et
555 2586 685 2674 vigitiis,
727 2586 764 2652 in
794 2587 999 2653 orationibus
1028 2593 1064 2654 et
1090 2587 1371 2674 eleemosynarum
1410 2587 1541 2665 studiis,

490 2688 652 2774 usquein
673 2689 773 2758 finem
795 2690 878 2758 vitae
905 2711 973 2757 suae
999 2689 1095 2756 bonis
1122 2688 1249 2777 pollens
1272 2689 1437 2776 operibus,
1465 2711 1542 2778 per·

490 2791 661 2860 severavit
707 2791 854 2858 Transiit
875 2796 988 2858 autem
1008 2796 1085 2880 pust
1106 2791 1284 2858 laudabilis
1305 2790 1387 2858 vitae
1408 2813 1541 2858 cursum

488 2916 532 2960 ex
561 2891 621 2961 hoa
654 2893 781 2961 munda
810 2893 944 2975 ibidem,
973 2893 1050 2961 idus
1089 2893 1184 2969 «Iulii⁴
1220 2893 1281 2961 ubi
1309 2915 1413 2983 usque
1441 2892 1541 2961 hodie

489 2996 605 3065 divina
634 2996 792 3068 miracula
820 3019 887 3067 non
918 2996 1075 3064 desinunt
1103 2996 1268 3089 celebrari.

319 3334 476 3403 mausus

319 3401 454 3518 ἥξω
882 3403 1132 3473 Oounuusrro.

319 3534 457 3585 nnana.

318 3623 480 3677 Victoriana
533 3610 637 3679 lum
667 3631 726 3698 per
755 3612 863 3677 totum
885 3608 1041 3697 Angliam
1062 3609 1128 3677 visi
1157 3613 1237 3677 sunt
1264 3610 1352 3678 radii
1380 3609 1418 3677 in
1439 3614 1536 3696 aqui-

318 3690 467 3745 AE‘h‘m·
485 3712 587 3781 lonaii
626 3714 724 3801 plaga
753 3712 835 3790 eoeli,
866 3712 1109 3800 praetendentes
1137 3717 1278 3781 mortem
1307 3713 1536 3801 turpissimam

485 3816 571 3903 regis
608 3814 744 3883 Sihtriei
784 3814 964 3903 supradicti
975 3840 986 3899 3
1022 3814 1080 3901 qui
1110 3836 1179 3881 non
1207 3814 1312 3881 multo
1350 3821 1428 3903 post
1449 3816 1538 3883 mule

484 3918 591 4006 periit.
659 3917 763 3985 Cuius
811 3938 950 4005 regnum
996 3938 1058 3983 rex
1104 3916 1342 3999 AEthelstsnus,
1398 3920 1537 4005 expulso

485 4020 666 4087 Guthferth
694 4019 763 4086 filio
787 4019 865 4098 aius,
893 4028 964 4085 'suo
994 4018 1163 4107 copulavit
1197 4019 1343 4107 imperio.
1404 4019 1537 4087 Deinde

483 4146 597 4191 omnes
626 4122 759 4211 Angliae
787 4122 926 4210 regulos,
968 4120 1117 4189 Hunwal
1147 4121 1272 4189 scilieet
1308 4143 1420 4209 regem
1447 4124 1537 4189 Brit-

482 4232 610 4307 tonum,
637 4224 892 4291 Constantinum
914 4245 1024 4312 regem
1047 4223 1245 4303 Suottornm,
1261 4222 1409 4291 Wlferch
1422 4247 1536 4313 regem

482 4329 686 4409 Wentorum,
709 4326 827 4415 proelio
847 4325 931 4393 vicit
953 4330 989 4392 et
1012 4326 1151 4415 firgavit
1194 4326 1379 4392 Aldredum
1404 4348 1538 4415 quoque

482 4432 588 4497 filium
626 4428 758 4496 Eadulfi
797 4429 837 4495 da
877 4427 1010 4494 castello
1058 4427 1289 4495 Bebbenberih
1326 4428 1535 4497 exturbavit.

484 4534 530 4599 Et
565 4534 602 4598 hi
631 4554 744 4601 omnes
784 4554 858 4599 eum
899 4531 1155 4619 provincialibus
1193 4530 1277 4610 aliis,
1315 4531 1469 4599 videntes
1496 4556 1536 4599 se

483 4636 553 4703 eius
582 4635 775 4703 strenuitati
803 4655 872 4701 non
910 4656 1003 4722 posse
1032 4635 1191 4712 resistere,
1220 4640 1448 4701 convenerunt
1475 4656 1538 4723 pe-

483 4742 591 4804 tentes
631 4758 744 4826 paeem
773 4736 817 4803 ab
854 4758 911 4815 eo3
949 4740 1050 4823 atque
1089 4736 1253 4803 idolatriae
1290 4736 1535 4821 renuntiantes,

483 4841 590 4908 foedus
619 4860 692 4907 cunr
722 4839 793 4927 ipso
821 4837 1276 4927 firmissimum'pepigerunt
