3567 5800
400 839 404 846 ’
514 861 556 925 98
780 875 847 926 mo.
871 875 919 926 nu
942 874 1077 926 omaso.
1102 875 1191 928 senc.
1214 875 1302 928 ursr.

515 1067 627 1133 sedem
656 1065 796 1152 legenda
832 1070 868 1132 et
900 1065 1127 1132 confirmanda
1157 1065 1335 1145 transmisi,
1363 1068 1464 1152 atque
1493 1067 1576 1154 legi·

517 1169 601 1236 tima
637 1169 843 1234 concessione
872 1169 910 1233 in
944 1169 1031 1234 hunc
1064 1169 1199 1234 modum
1234 1168 1414 1254 astipulata
1443 1169 1574 1257 accepi:

519 1271 722 1338 ‘dohannes
756 1273 926 1359 episcopus
960 1272 1053 1338 urbis
1086 1272 1212 1352 Roma,
1249 1293 1364 1338 servm
1404 1293 1574 1340 servorum

518 1376 593 1456 Dei,
631 1375 765 1441 domino
802 1375 1076 1442 excellentissimo
1114 1373 1245 1463 Edgaro
1290 1374 1360 1442 filio
1397 1396 1465 1456 suo,
1503 1375 1575 1462 regi

348 1497 477 1550 mensor
519 1479 712 1566 Anglorum,
728 1479 871 1545 salutem
892 1484 928 1544 et
949 1479 1162 1566 apostolicam
1184 1478 1452 1544 benedictionem.
1487 1478 1576 1559 Quia

347 1581 506 1682 ffim
519 1583 624 1649 literis
654 1587 723 1648 tuae
752 1581 966 1661 celsitudinis,
993 1581 1045 1646 fili
1074 1581 1247 1658 carissime,
1271 1582 1367 1648 nobis
1397 1583 1576 1654 innotuisti

347 1699 492 1764 consanng
521 1687 561 1752 de
583 1686 781 1752 monasterio
813 1685 920 1751 sancti
942 1684 1034 1750 Petri
1066 1684 1213 1770 specialis
1235 1685 1367 1770 patroni
1399 1686 1461 1763 tui,
1486 1686 1576 1771 quod

346 1765 480 1883 {ff'fflgssoe
520 1790 563 1856 ab
600 1789 746 1876 antiquis
778 1787 913 1875 Angliae
944 1788 1077 1874 regibus
1108 1786 1141 1853 e¹
1182 1793 1344 1874 potestate
1376 1789 1576 1856 Londonicae

349 1900 439 1964 abber·
519 1892 605 1960 sadis
628 1892 772 1980 episcopi
794 1913 870 1958 oum
900 1891 1034 1958 oonsilio
1063 1891 1257 1978 pontificum
1282 1891 1426 1958 eiusdem
1457 1893 1576 1978 patriae

519 1996 622 2064 luerit
650 2001 817 2083 ereptum,
851 2000 886 2061 et
920 1994 1042 2060 abhinc
1076 1994 1137 2060 sub
1174 1995 1335 2082 regimina
1372 2017 1488 2082 regum
1520 1995 1576 2062 vel

518 2099 772 2168 clarissimorum
804 2097 966 2164 abbatum
1000 2119 1126 2184 semper
1160 2097 1365 2184 dispositum,
1397 2101 1432 2162 et
1462 2103 1576 2185 postu·

517 2203 595 2269 lasti
628 2227 650 2270 a
679 2203 782 2278 nobis,
813 2206 853 2268 ut
884 2199 1096 2287 privilegium
1129 2201 1353 2287 episcoporum
1386 2201 1427 2266 de
1460 2201 1575 2268 eodem

517 2306 717 2372 monasterio
738 2304 864 2370 laetum
886 2307 1000 2368 nostro
1022 2303 1205 2390 privilegio,
1229 2303 1330 2368 immo
1353 2305 1458 2390 magis
1481 2325 1577 2390 apos·

518 2409 662 2475 tolonum
692 2408 850 2496 principis
872 2407 1099 2472 roboraremus
1129 2407 1334 2486 auctoritate,
1357 2407 1575 2472 libentissime

517 2513 697 2578 secundum
718 2517 788 2576 tum
811 2508 1053 2576 benevolentia
1076 2509 1271 2598 petitionem
1294 2510 1440 2579 facimus.
1485 2511 1575 2576 Auc-

518 2616 653 2680 toritate
675 2612 840 2700 siquidem
861 2611 953 2678 beati
976 2611 1068 2678 Petri
1091 2612 1311 2698 apostolorum
1334 2615 1498 2701 principis,
1514 2615 1575 2700 qui

517 2721 715 2806 potestatem
748 2715 875 2802 ligandi
907 2721 1008 2801 atque
1039 2715 1188 2781 solvendi
1220 2737 1242 2780 a
1265 2717 1409 2781 Domino
1439 2719 1573 2805 aceepit,

518 2821 675 2907 cuiusque
712 2839 773 2884 nos
809 2817 926 2883 vicarii
965 2819 1146 2894 existimus,
1185 2819 1380 2899 stabilimus,
1419 2825 1459 2886 ut
1502 2822 1575 2909 ipse

517 2926 607 2991 locus
636 2945 751 3010 regum
776 2922 951 3009 praeceptis
977 2926 1011 2987 et
1040 2922 1225 3010 privilegiis
1255 2924 1441 3009 apostolicis
1467 2924 1575 2989 fultus

517 3050 576 3116 per
598 3028 709 3093 omnia
732 3032 891 3113 tempora,
919 3026 990 3091 sine
1020 3026 1217 3111 repetitione
1243 3028 1462 3112 cuiuscunque
1486 3026 1575 3093 Lon-

517 3132 644 3198 donicae
665 3131 758 3195 urbis
781 3129 923 3216 episcopi
946 3134 1005 3193 aut
1027 3127 1165 3194 alicuius
1186 3128 1368 3197 iudiciariae
1398 3132 1574 3215 potestatis

516 3236 572 3302 vel
624 3235 846 3318 cuiuscunque
890 3232 1106 3319 praepotentis
1151 3229 1303 3310 hominis,
1351 3231 1574 3319 cuiuscunque

517 3337 641 3405 ordinis
673 3337 729 3403 vel
760 3334 934 3422 dignitatis
964 3333 1017 3411 sit,
1053 3354 1189 3420 semper,
1223 3334 1310 3400 sicut
1343 3340 1507 3423 praeoptat
1538 3340 1575 3401 et

517 3440 647 3527 expetit
672 3444 733 3504 tua
756 3436 996 3517 benevolentia,
1019 3441 1112 3501 ratus
1136 3437 1249 3503 futuro
1272 3442 1421 3524 tempore
1444 3458 1575 3524 perma-

517 3548 603 3608 neat
636 3540 849 3607 Venerabiles
864 3540 969 3627 igitur
992 3539 1140 3605 eiusdem
1154 3539 1218 3607 loci
1232 3540 1350 3607 fratres
1372 3540 1505 3606 idoneos
1528 3563 1573 3606 ex

517 3666 564 3724 se,
595 3644 651 3709 vel
683 3665 726 3709 ex
758 3665 824 3730 qua
857 3643 1036 3710 voluerunt
1059 3644 1318 3730 congregatione,
1343 3643 1479 3709 abbates
1501 3644 1574 3709 sive

518 3749 656 3814 decanos
685 3746 750 3813 sibi
779 3768 839 3833 per
868 3746 1086 3813 successiones
1117 3746 1261 3833 eligendi
1291 3766 1333 3811 ex
1374 3745 1575 3812 auctoritate

516 3851 616 3915 huius
638 3853 759 3915 sanctae
774 3850 861 3915 sedis
885 3850 1045 3917 Romanae
1068 3854 1102 3915 et
1124 3854 1248 3927 nostra,
1272 3850 1358 3915 sicut
1372 3849 1574 3936 postulastis,

516 3953 662 4019 habeant
698 3957 918 4039 potestatem3
956 3956 991 4019 et
1022 3974 1063 4017 ne
1101 3952 1335 4038 impediantur,
1374 3952 1575 4018 auctoritate

516 4056 695 4145 apostolica
723 4056 944 4142 prohibemus,
975 4076 1081 4141 neque
1111 4076 1169 4142 per
1198 4055 1392 4121 violentiam
1414 4060 1576 4121 extranea

487 4200 491 4206 ·
516 4181 655 4248 persona
675 4159 915 4239 introducatur,
939 4158 1004 4224 nisi
1027 4179 1126 4245 quam
1149 4158 1256 4223 omnis
1284 4180 1415 4224 concors
1438 4178 1574 4245 congre-

516 4265 608 4351 gatio
635 4264 778 4349 elegerit.
835 4261 1001 4327 Praeterea
1027 4260 1079 4325 illi
1104 4250 1174 4326 loeo
1201 4261 1359 4349 quicquid
1397 4262 1576 4328 contuleris

516 4368 572 4431 vel
593 4366 750 4431 collatum
776 4371 827 4431 est
857 4365 911 4430 vel
941 4365 1134 4444 conferetur,
1166 4364 1282 4429 divina
1305 4366 1503 4430 auctoritate
1537 4372 1575 4431 et

517 4475 630 4533 nostra
643 4467 845 4546 roboramus,
860 4468 1035 4555 privilegia
1049 4488 1128 4533 vero
1151 4468 1389 4554 possessionum
1405 4473 1440 4533 et
1462 4468 1576 4553 digni-

518 4576 627 4636 tatum
665 4570 824 4635 carissimi
860 4570 972 4635 fratris
1016 4570 1120 4637 nostri
1161 4568 1360 4635 venerabilis
1401 4568 1574 4635 Dunstani

518 4672 721 4758 aliorumque
743 4672 892 4737 fidelium
907 4672 1029 4738 ibidem
1045 4672 1189 4753 indidta,
1204 4694 1331 4738 necnon
1347 4677 1381 4738 et
1396 4672 1576 4760 privilegia

960 4902 967 4934 ¹
984 4904 1010 4971 e]
1030 4911 1061 4967 c,
1072 4902 1129 4958 ns.
