3567 5800
440 890 489 941 nu
508 890 625 943 umus
645 890 768 945 nusum
788 891 989 947 mou-111,
1012 882 1063 945 13.
1240 864 1288 953 '75

233 1077 276 1145 in
304 1074 435 1166 mugnis
458 1081 493 1145 et
514 1078 660 1147 modieis
713 1078 781 1147 Sed
803 1084 838 1147 et
858 1080 930 1149 haee
950 1080 1098 1171 apicibus
1119 1078 1291 1147 liternum

236 1180 509 1275 prsenotsvimus,
529 1202 583 1263 ne,
604 1182 763 1270 quamdiu
777 1181 1011 1253 Ohristisuitus
1024 1186 1151 1271 regnet,
1164 1182 1291 1249 eboleer

233 1288 302 1349 tur.
349 1282 450 1351 Unde
463 1283 548 1351 mihi
568 1285 707 1373 prefata
727 1288 895 1373 possessio,
919 1308 1019 1374 quem
1034 1285 1105 1353 Deo
1120 1288 1155 1351 et
1176 1288 1290 1351 saneto

234 1384 338 1451 Petro
360 1386 444 1465 dedi,
478 1386 629 1455 donetur.
684 1387 757 1455 Neo
784 1389 905 1457 iustius
927 1390 1014 1467 novi,
1039 1410 1138 1477 quam
1161 1386 1233 1455 Deo
1256 1392 1291 1455 et

238 1492 356 1555 saneto
394 1487 493 1556 Petro
532 1488 617 1557 huno
656 1490 890 1579 possessionem
927 1490 1013 1571 dere,
1047 1491 1107 1578 qui
1133 1490 1289 1559 aemulum

232 1594 387 1657 nostrum
408 1590 445 1657 in
465 1596 640 1679 oonspeotu
664 1594 813 1660 omnium
834 1594 951 1663 eadere
973 1594 1127 1673 feserunt,
1151 1598 1186 1661 et
1207 1592 1290 1660 mihi

231 1695 487 1783 prosperitatem
507 1696 602 1784 regni
622 1696 737 1785 largiti
756 1696 866 1763 sunt''

283 1797 328 1863 In
357 1797 409 1864 his
437 1797 548 1865 verbis
572 1799 659 1889 regis
686 1799 884 1887 sapientiem
910 1806 945 1867 et
966 1800 1125 1888 pietetsm
1155 1801 1224 1867 eius
1253 1800 1290 1867 in

236 1900 306 1967 Dei
326 1898 425 1969 rebus
446 1900 609 1989 suspioere
630 1923 691 1990 per
712 1905 783 1969 ests
807 1902 1011 1991 sapientiam,
1031 1904 1121 1991 quod
1141 1902 1289 1969 animod-

237 2000 409 2080 uerteret,1
435 2003 566 2071 iuvenis
593 2004 785 2091 presertim,
805 2026 876 2071 non
907 2026 977 2073 esso
1006 2004 1078 2071 Deo
1108 2004 1290 2093 gratiosum

236 2106 281 2171 de
294 2106 413 2192 rapine
433 2106 682 2189 holooeustum;
711 2107 880 2195 pietetem,
908 2107 997 2196 quod
1021 2128 1141 2173 munus
1163 2108 1290 2173 ultione

235 2208 368 2275 Divins
392 2208 548 2275 collatum
579 2208 653 2277 Deo
678 2208 887 2297 potissimum
912 2232 980 2277 nou
1002 2210 1154 2299 ingratus
1176 2230 1289 2296 repen·

236 2312 339 2380 demt
393 2310 559 2379 Prmteree
589 2312 689 2378 datur
719 2311 1059 2393 uuimsdvertendum,
1092 2310 1179 2398 quod
1208 2315 1290 2377 tuno

236 2414 375 2479 basilios
399 2414 506 2481 ssuoti
535 2413 628 2480 Petri
649 2414 809 2501 primerio
832 2414 982 2483 ooenobio
1016 2414 1125 2491 firerit,
1157 2436 1231 2500 quse
1253 2414 1289 2479 in
1416 2446 1420 2455 ·

234 2518 389 2584 secundis
410 2539 499 2584 nuno
535 2516 698 2597 hebetum
742 2516 877 2585 eoelesis
909 2518 1016 2583 bostae
1043 2515 1167 2594 Msriss,
1190 2538 1289 2602 quem
1325 2538 1328 2547 ¹

235 2620 392 2686 monaehi
412 2620 510 2686 modo
531 2620 752 2707 frequentent,
782 2626 897 2707 postes.
918 2620 1005 2707 regis
1027 2618 1152 2707 Edgeri
1174 2619 1289 2687 diebus

235 2723 300 2789 sub
321 2722 443 2791 ebbute
465 2722 589 2791 Elfrioo
611 2722 781 2791 seditiosis

642 3039 896 3109 Oorrrrrrusmo·
1299 3074 1371 3126 ΜΠ,

1299 3141 1424 3194 Mulmii.

283 3247 388 3325 Em,
419 3249 461 3313 ut
493 3241 645 3325 diximus,
669 3250 776 3312 meter
805 3241 1007 3310 AEthelsteui
1029 3243 1116 3330 regis
1137 3241 1289 3330 opilionis
1300 3209 1416 3352 {ffi'of

234 3350 317 3429 filia,
349 3347 491 3436 eleganti
522 3349 627 3436 speeie
660 3348 777 3436 puellm
838 3346 956 3428 Quem,
991 3350 1031 3412 ut
1064 3345 1288 3433 praediximus,
1302 3368 1453 3420 AEmelstan.

235 3451 424 3518 Edwmdus
456 3450 546 3517 filius
589 3449 677 3538 regis
713 3449 842 3517 Aiirsdi
879 3449 951 3516 sive
987 3447 1133 3529 Aiuredi,
1164 3447 1291 3514 itineris

234 3577 318 3623 essu
353 3575 412 3643 per
447 3554 562 3620 villum
594 3553 762 3632 transiens,
793 3561 829 3620 et
861 3553 905 3620 ed
941 3553 1076 3619 domum
1112 3549 1290 3618 nutricis->²

233 3679 309 3726 suae
351 3658 518 3724 divertens
557 3662 599 3747 ut
642 3657 748 3744 ipssm
797 3655 965 3737 salutaret,
1014 3653 1096 3722 visse
1151 3653 1290 3742 virginis

235 3781 351 3827 umore
383 3763 516 3846 oeptus'
535 3763 666 3826 noctem
702 3758 810 3847 petiit,
843 3777 977 3845 unoque
1009 3755 1183 3847 eomploxu
1215 3779 1290 3844 gre·

234 3861 389 3930 videtum
440 3861 586 3948 reliquit
667 3859 752 3943 Quae
795 3863 912 3950 postes
956 3865 1105 3948 tempore
1147 3881 1290 3946 congruo

233 3965 347 4031 filium
381 3961 517 4054 peperit,
555 3963 597 4031 de
640 3983 707 4050 quo
750 3961 818 4030 ism
853 3962 953 4030 lectio
1002 3961 1120 4050 egitur,
1157 3961 1290 4028 nomine

236 4069 495 4136 AEthelstnnum
576 4065 784 4153 Prsefetoque
820 4065 985 4132 Eduardo
1029 4069 1105 4152 post
1149 4069 1288 4130 mortem

234 4171 346 4263 putris
366 4171 428 4254 sui,
448 4166 605 4238 videlieet
625 4169 713 4256 regis
734 4167 864 4236 Aliredi
884 4169 955 4236 sivo
981 4166 1128 4246 Aluredi,
1150 4187 1288 4254 regnum

235 4274 437 4362 Anglorum,
469 4276 510 4340 ut
541 4272 766 4362 proemisimus,
798 4272 926 4359 sdspto,
954 4273 1030 4358 post
1060 4269 1167 4334 multe
1196 4273 1231 4336 et
1252 4268 1288 4332 in
1378 4285 1380 4292 ·

234 4388 320 4468 tege
354 4376 512 4444 nobiliter
548 4379 774 4443 consummate
816 4374 968 4462 putribus
1015 4371 1084 4438 suis
1129 4370 1286 4459 apposito,

230 4582 422 4598 ..-—--—

270 4695 509 4763 ἱαηιῖωᾱυσωνιι]
549 4692 738 4754 animadvertet,
805 4687 954 4756 'suuicioe]
967 4687 1073 4751 nuttios,
1084 4685 1141 4740 MS.

232 4777 296 4831 m
