3567 5800
472 863 518 912 ne
539 863 654 914 arsuro
676 863 797 914 sncuu
818 863 1013 914 sucu-111.
1038 851 1065 912 2.
1257 847 1299 908 23

257 1053 291 1115 et
321 1048 396 1113 aliis
428 1049 614 1137 regionibus
644 1048 803 1138 plurimis,
835 1073 878 1118 ex
918 1049 1037 1136 quibus
1068 1049 1203 1115 Alt'redo
1234 1048 1303 1113 sive

256 1163 403 1231 Aluredo
434 1165 504 1254 regi
533 1166 744 1254 greuuimes
774 1165 974 1255 irruptiones
1003 1169 1039 1232 et
1067 1163 1213 1232 usiduas
1251 1163 1301 1228 in·

256 1269 417 1336 tulerunt.

299 1696 549 1764 Oourmuurro.
594 1697 848 1786 Recepitolotio
871 1719 1057 1785 rasorum
1082 1704 1111 1764 et
1132 1719 1253 1802 repom.
1311 1695 1467 1832 tigilla&

1312 1834 1386 1886 Meu

305 1901 411 1970 Nuuu
433 1926 518 1992 ergo,
535 1905 691 1990 quoniam
706 1905 750 1969 ad
764 1925 872 1993 regem
895 1905 1105 1971 monarcham
1126 1901 1300 1970 tractando
1312 1901 1417 1951 Woetm.

259 2007 477 2094 pervenimus,
515 2007 598 2073 libet
635 2008 783 2074 omnium
825 2031 939 2096 regum
977 2008 1118 2096 Angue,
1150 2006 1207 2095 qui
1236 1973 1460 2097 letitia„

257 2132 362 2197 usque
392 2117 622 2198 regnaverunt,
654 2116 688 2176 et
716 2110 851 2177 nomina
875 2117 910 2178 et
934 2133 1037 2200 regns
1066 2110 1300 2198 distinguendo
1313 2113 1343 2163 or
1354 2113 1469 2178 kingsin

257 2215 480 2301 recapitulare,
510 2219 549 2280 ut
586 2235 780 2280 successores
820 2214 1023 2302 singulorum
1060 2235 1119 2302 per
1155 2214 1302 2280 ordinem
1313 2179 1439 2246 ungunt.

259 2321 445 2404 repetentes
474 2316 651 2383 lectoribus
680 2316 841 2406 gratiores
871 2318 1062 2401 existamus,
1092 2320 1127 2382 et
1156 2315 1303 2382 historiae

255 2421 357 2487 series
377 2419 495 2487 elarius
516 2421 682 2487 elucescat.

303 2524 432 2590 chen
458 2523 627 2613 igiturex
651 2523 863 2612 antiquorum
887 2523 1039 2613 prosapia
1065 2523 1303 2590 Germanorum

259 2627 421 2714 originem
451 2626 586 2696 ducens.
603 2631 678 2714 post
715 2631 856 2695 mortem
892 2627 981 2693 inter
1018 2626 1095 2694 deos
1125 2627 1306 2692 translatus

260 2735 331 2796 est:
367 2751 464 2817 quem
494 2735 621 2796 veteres
651 2751 710 2818 pro
741 2730 803 2796 deo
833 2729 977 2796 colentes
1008 2728 1243 2796 dedicaverunt
1273 2727 1305 2794 ei

260 2838 414 2921 quartam
436 2831 560 2914 seriem,
576 2855 674 2921 quam
700 2834 740 2899 de
766 2833 901 2901 nomine
924 2834 995 2898 eius
1009 2831 1255 2921 Wodenesdey‚
1269 2832 1305 2898 id

260 2942 311 3003 est
337 2935 426 3003 diem
449 2935 612 3017 Wodenii,
637 2942 876 3025 nuncuparunt.
933 2936 1000 3002 Hic
1025 2936 1145 3003 habuit
1170 2958 1307 3003 uxorem

261 3040 392 3105 nomine
429 3040 555 3118 Fream,
588 3040 640 3105 cui
679 3040 832 3107 similiter
861 3046 989 3106 veteres
1026 3044 1156 3105 sextam
1192 3040 1308 3105 feriam

260 3142 489 3204 consecrantes
518 3138 665 3218 Freedai,
695 3138 731 3204 id
764 3144 813 3205 est
844 3139 933 3205 diem
956 3138 1060 3220 Freae,
1091 3138 1306 3226 appellarunt.

261 3242 388 3307 Genuit
418 3246 529 3307 sutem
558 3241 687 3307 Woden
722 3263 766 3307 ex
808 3263 911 3308 uxore
953 3241 1039 3308 Frea
1068 3248 1193 3329 septem
1222 3240 1308 3307 filios

260 3344 403 3426 inolitos,
416 3367 460 3412 ex
481 3366 620 3432 quorum
643 3344 842 3412 successione
866 3349 992 3432 septem
1014 3366 1107 3431 reges
1132 3350 1309 3411 traxerunt

261 3448 430 3535 originem,
446 3448 504 3535 qui
524 3446 562 3513 in
588 3448 763 3515 Britannia
786 3454 942 3536 potenter
967 3446 1112 3535 expulsis
1137 3446 1308 3513 Britannia

261 3555 376 3638 postes
415 3556 646 3639 regnaverunt.
714 3551 771 3616 Ex
810 3551 880 3617 filio
910 3548 1043 3617 Woden
1079 3550 1307 3639 primogenito,

260 3654 393 3721 nomine
416 3652 541 3733 Wecta,
567 3676 659 3743 reges
687 3654 964 3735 cantuariorum
987 3676 1030 3721 ex
1054 3654 1205 3735 mindo,
1230 3654 1309 3721 Fre·

261 3756 420 3844 thalgeat
449 3778 543 3845 reges
574 3756 798 3837 Meroiorum3
840 3780 882 3823 ex
911 3757 1021 3834 tertio,
1054 3756 1179 3837 Boldai,
1216 3779 1309 3844 reges

261 3860 518 3926 westsaxonum
530 3884 538 3941 ;
576 3882 618 3927 ex
648 3866 777 3947 quarte,
808 3860 974 3948 Beldsgio,
1005 3881 1097 3946 reges
1126 3858 1309 3927 Northum-

261 3964 396 4030 brorum
427 3963 498 4029 sive
528 3963 777 4045 Bernioiorum3
801 3984 844 4029 ex
874 3964 1001 4050 quinto,
1033 3958 1185 4050 Wegdai
1216 3984 1309 4051 reges

260 4059 466 4148 Deirorum3
495 4087 538 4132 ex
567 4072 670 4147 sexto,
701 4066 835 4148 Kasare,
866 4088 958 4154 reges
989 4064 1209 4132 Orientalium
1238 4067 1309 4131 An·

261 4169 410 4257 glorum;
442 4192 484 4235 ex
513 4169 661 4258 septimo,
688 4168 832 4249 Nascad,
858 4191 952 4257 reges
979 4168 1200 4234 Orientalium
1228 4167 1310 4234 Sax-

261 4294 364 4339 onum
388 4272 548 4360 originem
574 4272 694 4340 habere
717 4273 880 4341 dicuntur.
929 4272 1075 4339 Octavus
1089 4292 1176 4352 vero,
1199 4271 1235 4337 id
1258 4278 1309 4339 est

260 4397 323 4441 rex
344 4374 548 4442 Anstmlium
571 4376 752 4457 Saxonum,
776 4398 818 4445 ex
840 4378 955 4445 eadem
977 4380 1076 4466 gente
1098 4376 1155 4441 sed
1176 4396 1244 4441 non
1267 4398 1308 4441 ex

260 4478 377 4546 ecdem
399 4479 500 4567 stirpe
522 4478 680 4567 originem
704 4480 851 4571 sumpsit
