3567 5800
393 906 443 957 ra
465 904 583 957 orsus
603 904 726 957 suarii
746 903 945 957 insu-iia
969 894 1022 969 31,
1046 892 1096 957 32.
1212 886 1269 959 171

230 1094 343 1163 lesum
372 1099 543 1182 portantes
575 1094 709 1161 remisit.
765 1094 857 1161 ibris
888 1096 958 1161 dux
989 1095 1153 1161 Robeitus
1178 1093 1277 1159 vehe-
1288 1108 1423 1159 somnos

230 1198 425 1265 meritissimi
447 1198 565 1263 rubore
598 1220 769 1264 suooensns
790 1198 919 1275 furoris,
944 1198 1134 1263 oonvooatis
1157 1176 1442 1293 prinei-{Jn‘ffij22¹¹&⁸

230 1303 326 1389 pibus
348 1303 399 1366 sui
428 1300 575 1377 ducatus,
608 1324 764 1389 magnam
794 1301 930 1367 navium
952 1301 1087 1365 classem
1121 1298 1419 1387 festinatotqrertore

230 1405 325 1470 iussis
345 1403 506 1469 ebriari
551 1403 658 1483 osam
680 1427 723 1469 οι
744 1404 898 1469 omnibus
931 1404 1148 1469 moneamini
1177 1376 1440 1505 masilssfflffl

231 1504 378 1595 partibus
410 1513 641 1593 oongregatam
674 1507 760 1571 infra
793 1508 906 1593 exigui
940 1508 1086 1593 spatium
1119 1506 1276 1592 temporis
1289 1509 1368 1559 wui.

230 1612 266 1675 in
287 1610 415 1675 ansoni
444 1610 544 1675 armis
572 1609 826 1695 hominibusque
845 1608 1079 1675 robustissimis
1102 1609 1278 1695 diligenter
1290 1576 1387 1694 {iffi
1399 1592 1436 1640 ²¹²·

230 1715 424 1778 instructam
444 1718 531 1778 stare
552 1712 700 1777 inlitora
711 1712 801 1799 apud
819 1712 1029 1778 Fisoamnum
1050 1710 1167 1798 ponti¹
1192 1710 1277 1775 feeit.
1290 1726 1314 1775 Ρ·
1328 1714 1384 1762 ⁶4⁷·

233 1816 314 1881 Inde
347 1836 475 1901 quoque
506 1815 599 1900 signo
631 1814 725 1879 dato·
741 1814 887 1901 velisque
921 1815 957 1879 in
990 1814 1129 1879 sublima
1157 1814 1278 1899 pansis,

232 1918 334 1983 nimia
351 1918 483 1983 demum
502 1920 699 2003 tempestato
730 1917 797 1981 aeti
820 1918 863 1982 ed
885 1916 1028 1982 insulam
1050 1939 1124 2003 quae
1144 1921 1279 1981 vocatur

234 2022 355 2105 (iersey
406 2042 480 2086 sum
525 2041 644 2107 magno
688 2020 830 2107 periculo
871 2019 979 2107 pelagi
1022 2020 1158 2085 tandem
1201 2024 1280 2085 sunt
1291 2034 1421 2097 Bronton,

233 2123 388 2189 devoluti.
444 2122 541 2202 Quod
571 2128 654 2208 puto
687 2123 759 2188 Deo
796 2128 927 2188 auctore
960 2123 1010 2187 its
1035 2122 1134 2188 fixisse
1157 2122 1280 2189 fiotum
1292 2102 1339 2153 ⁰⁰¹·
1352 2108 1407 2152 ⁹¹²·

233 2248 290 2313 pro
321 2224 487 2290 Edwardo
517 2225 702 2312 Anglorum
731 2248 806 2312 rege
828 2229 909 2290 tuno
931 2225 1051 2303 bituro,
1074 2247 1171 2311 quem
1193 2226 1281 2290 idem

234 2328 324 2393 Deus
369 2327 564 2415 disponebat
595 2328 631 2392 in
668 2326 780 2393 futuro
817 2350 954 2415 regnare
999 2328 1068 2393 sine
1113 2328 1282 2415 sanguinis

234 2430 396 2496 effusione.
444 2431 514 2496 Ubi
537 2431 614 2496 dum
641 2430 741 2517 longo
764 2430 991 2495 detinerentur
1013 2436 1158 2519 tempore
1181 2435 1282 2495 vento

235 2534 372 2598 adverso
407 2532 533 2598 diutius
566 2532 677 2611 flante,
712 2533 782 2598 dux
815 2532 1082 2599 Normennorum
1119 2533 1282 2599 Robertus

235 2636 378 2702 efferatis
400 2636 518 2700 animis
540 2635 724 2701 incredibili
746 2636 953 2702 oruoiabatur
973 2658 1115 2702 moerore.
1160 2637 1195 2701 N
1196 2636 1280 2701 ovis-

235 2740 314 2804 sime
336 2738 453 2803 videns
475 2760 510 2802 se
541 2738 634 2803 nullo
668 2739 766 2804 modo
799 2760 893 2826 posse
915 2739 1135 2817 transfretare,
1166 2739 1281 2825 giratis

235 2842 370 2908 navium
400 2841 505 2928 proris
536 2841 625 2929 apud
647 2842 752 2908 saneti
775 2841 944 2908 Michaelis
970 2847 1116 2909 montem
1138 2847 1281 2908 remeato

234 2944 336 3009 limbo
369 2945 470 3008 maris
508 2945 701 3030 quantocius
727 2949 807 3010 sunt
840 2947 978 3032 appulsi.
1023 2946 1186 3012 Piaeterea
1222 2969 1281 3010 rex

237 3047 346 3113 cnuto
376 3048 414 3111 in
444 3048 677 3112 exterminium
710 3048 905 3134 Anglorum,
940 3049 1025 3113 siout
1061 3049 1280 3135 prediximus,

236 3149 391 3214 anhelans
422 3171 461 3214 aa
491 3150 527 3214 in
548 3150 677 3215 malitia
708 3173 768 3215 sua
803 3155 1026 3237 praeoonoepta
1059 3151 1281 3216 indesinenter

236 3273 447 3339 perseverans,
482 3253 562 3317 alios
596 3274 805 3339 quoscunque
837 3254 877 3317 de
915 3254 1005 3340 regio
1039 3249 1162 3318 semine
1199 3274 1280 3338 quos

236 3356 364 3420 audivit
394 3360 564 3442 generatos
595 3355 630 3420 in
663 3355 799 3420 exilium
821 3356 965 3433 mittens,
987 3377 1124 3442 regnum
1147 3355 1281 3441 Anglise

237 3459 312 3524 filiis
344 3458 412 3522 suis
438 3458 508 3522 iure
542 3457 740 3523 hereditario
772 3480 937 3523 reservare
963 3459 1101 3524 curavit.
1150 3459 1280 3525 Habuit

237 3583 377 3647 namque
402 3560 490 3626 idem
509 3583 570 3626 rex
593 3560 704 3628 Onuto
727 3582 770 3626 ex
792 3561 911 3648 Elgiva
932 3563 1045 3649 regina
1067 3585 1126 3628 sua
1149 3563 1280 3628 Elfelmi
1293 3565 1450 3632 Rog.wend.

238 3665 364 3730 comitis
397 3665 467 3729 filia
500 3664 582 3728 duos
613 3663 708 3741 filios,
743 3663 900 3728 Swsnum
930 3664 1085 3730 videlicet
1107 3670 1141 3731 et
1164 3635 1429 3752 Herm-iffi*

238 3767 338 3844 dum3
362 3766 441 3833 lioet
460 3765 548 3832 fama
564 3766 684 3832 referat
702 3765 891 3832 Onutonem
911 3789 1020 3855 regem
1042 3769 1129 3855 ipsos
1149 3769 1283 3836 minime
1295 3767 1363 3821 ΑΒ·
1378 3774 1447 3820 ¹⁰1⁸·

237 3891 413 3958 generasse.

634 4099 714 4166 (tir.
738 4099 888 4166 XXXII.

283 4289 332 4356 De
353 4295 460 4356 mmor
481 4287 732 4376 nefandissimi
749 4288 940 4376 proditoris
964 4288 1064 4356 ducis
1085 4291 1238 4359 liodrici.

285 4480 362 4546 ΒΗ
384 4503 463 4547 vero
485 4480 596 4547 Cnuto
626 4481 799 4568 praedictos
820 4483 907 4569 regis
930 4482 1096 4549 Edmundi
1123 4485 1284 4552 cubicula·
1296 4489 1405 4546 various

240 4583 313 4665 rios,
342 4605 426 4671 quos
457 4584 700 4672 supradiximus
732 4607 791 4672 per
813 4585 969 4652 Edricum
1003 4586 1118 4653 ducem
1149 4589 1283 4656 eircum-
1296 4563 1454 4680 ffiffffiff

1295 4695 1422 4751 mame.

420 4857 428 4926 ξ
448 4858 475 4907 in
485 4855 520 4910 lit
531 4874 574 4924 ap.
586 4857 617 4910 F.
625 4859 668 4925 p]
687 4874 728 4925 ap.
739 4857 768 4910 F.
781 4859 809 4910 ia
820 4859 858 4910 lit
869 4875 895 4925 p.
908 4858 987 4914 Wilh.
1000 4860 1096 4914 Gsmet.
