3567 5800
468 869 486 930 6
726 880 792 930 RIC.
817 880 864 930 DE
885 881 1017 930 clause.
1042 880 1131 930 SPEO·
1156 881 1240 930 nls'r.

466 1073 618 1156 poemata
633 1068 686 1134 die
700 1074 865 1156 noctuque
879 1069 992 1134 sellem
1011 1067 1144 1134 auditor
1163 1071 1199 1134 et
1217 1068 1379 1145 recitator,
1395 1064 1508 1136 docilis

465 1177 661 1237 memorator
686 1171 860 1238 retinebat.
916 1171 959 1236 In
984 1175 1056 1237 arte
1082 1170 1260 1250 venatoria,
1289 1169 1508 1256 aucupatoria,

465 1276 566 1359 inque
588 1273 678 1339 omni
701 1274 820 1360 peritia
842 1280 877 1340 et
899 1272 1059 1340 felicitate
1077 1272 1348 1359 incomparabilis,
1369 1273 1453 1340 siout
1473 1277 1510 1338 et

464 1375 500 1439 in
525 1375 598 1440 aliis
622 1375 715 1441 donis
738 1375 812 1442 fuit.
859 1375 945 1442 (inm
967 1397 1046 1442 vero
1062 1375 1178 1442 'mater
1199 1375 1270 1440 eius
1293 1376 1347 1442 die
1368 1375 1509 1462 quadam

465 1478 528 1542 sibi
566 1483 601 1543 et
636 1477 794 1544 fratribus
831 1479 900 1544 suis
933 1479 1107 1567 quemdam
1137 1477 1336 1545 Saxonicum
1365 1478 1509 1546 metrias

465 1579 545 1644 artis
566 1581 697 1661 librum,
721 1602 818 1668 quem
839 1603 942 1648 manu
963 1581 1108 1662 tenebat,
1132 1581 1328 1662 ostenderet,
1351 1581 1400 1647 ait
1421 1579 1507 1646 illis:

468 1681 582 1763 “Quis
611 1689 759 1749 vestrum
790 1685 886 1750 eitius
917 1684 1040 1750 dissere
1068 1684 1193 1771 poterit
1221 1683 1364 1750 oodioem
1386 1684 1509 1750 istunss

465 1785 550 1850 dabo
581 1787 611 1852 ei
641 1785 766 1850 illum.''
811 1787 903 1852 Tune
927 1785 1083 1852 Allredus
1107 1787 1177 1852 sive
1202 1785 1369 1852 Aleredns
1390 1785 1511 1872 prinoi-

464 1888 547 1974 palis
584 1889 705 1955 litterae
742 1888 820 1953 libri
860 1889 949 1955 illius
987 1888 1210 1976 pulcritudine
1246 1888 1374 1954 illeetus
1409 1890 1510 1956 maeri

464 1992 655 2077 respondit:
702 1996 720 2027 ‘¹
736 1975 889 2071 Veiene,''
919 1992 1039 2078 inquit,
1078 1998 1095 2027 “
1111 1991 1206 2058 dabis
1233 1989 1357 2056 librum
1385 1989 1436 2056 illi
1465 2010 1509 2056 ex

464 2093 568 2168 nobis,
592 2093 648 2177 qui
678 2093 776 2158 eitius
801 2093 898 2160 illum
919 2094 1104 2181 intelligere
1133 2099 1168 2159 et
1198 2113 1305 2159 eoram
1327 2097 1361 2159 ts
1387 2095 1510 2179 poterit

465 2193 651 2261 recitarei”
697 2196 742 2261 Et
757 2196 822 2276 ille,
847 2204 865 2232 “
881 2196 1006 2275 Dabo‚”
1029 2197 1148 2282 inquit
1194 2195 1287 2260 Tune
1308 2195 1364 2261 ille
1384 2194 1508 2262 librum

466 2297 584 2362 tollens
616 2299 812 2385 magistrum
843 2299 936 2380 adiit,
963 2298 1057 2386 legit,
1083 2303 1118 2364 et
1147 2298 1191 2364 ad
1219 2301 1360 2364 matrem
1382 2298 1511 2366 rediens

465 2401 558 2464 illum
588 2402 776 2467 memoriter
805 2403 966 2468 recitavit
1027 2401 1156 2467 Deinde
1185 2423 1248 2466 usu
1277 2400 1408 2467 assiduo
1441 2401 1511 2467 sine

465 2504 705 2570 intermissione
741 2505 881 2591 psalmos
912 2504 1089 2572 Davidioos
1119 2509 1153 2570 et
1182 2503 1346 2570 orationes
1379 2504 1416 2568 in
1443 2525 1511 2570 uno

464 2605 574 2670 libello
603 2607 802 2694 conscriptos
836 2613 871 2672 et
903 2607 940 2671 in
977 2607 1053 2672 sinn
1090 2629 1150 2672 suo
1186 2605 1294 2693 gratia
1324 2605 1508 2672 devotionis

463 2707 631 2794 impositos
657 2709 920 2797 inseparabiliter
945 2710 1188 2776 oireumdueens
1211 2707 1341 2774 assidue
1365 2708 1510 2774 rumina·

463 2811 531 2877 bat
578 2809 742 2878 Audierat
762 2835 904 2899 namque
923 2835 944 2878 a
962 2813 1126 2901 magistre,
1147 2811 1235 2897 quod
1252 2833 1310 2876 rex
1333 2810 1510 2878 illiteratus

464 2921 502 2981 ut
525 2916 635 2979 asinus
658 2920 837 2982 coronatus
886 2916 952 2982 Sed
974 2938 1049 2983 oum
1070 2917 1108 2981 in
1129 2916 1211 2982 flore
1232 2913 1415 2981 iuventutis
1434 2936 1510 2981 oon·

463 3019 603 3083 stitutus
625 3024 772 3084 cerneret
794 3020 901 3105 legem
930 3020 967 3083 in
996 3018 1152 3084 membris
1178 3017 1246 3083 suis
1270 3021 1509 3104 repugnantem

465 3121 529 3207 legi
555 3122 676 3186 mentis
699 3144 766 3187 suae
790 3127 823 3187 et
845 3122 939 3186 illum
962 3122 1136 3187 ducentem
1157 3121 1327 3207 captivum
1345 3119 1383 3184 in
1403 3118 1508 3207 legem

463 3224 597 3310 peceati,
613 3223 790 3311 saepissime
812 3225 849 3303 in
870 3224 951 3311 gelli
973 3229 1074 3290 cantu
1096 3230 1130 3289 et
1152 3224 1242 3289 boris
1258 3223 1509 3289 matutinalibus

465 3326 547 3391 olam
569 3326 609 3392 de
631 3332 740 3393 stratu
762 3348 899 3414 surgens
923 3326 1073 3393 ecelesias
1092 3332 1126 3393 et
1145 3330 1332 3391 sanctorum
1354 3327 1510 3413 reliquias

465 3429 580 3493 orandi
610 3431 719 3516 gratia
748 3430 918 3509 visitabat,
950 3430 1063 3516 ibique
1093 3429 1151 3494 diu
1180 3429 1218 3494 in
1247 3429 1395 3494 oratione
1420 3451 1512 3515 pros-

464 3535 571 3596 tratus
595 3530 659 3597 Dei
682 3532 937 3599 misericordiam
966 3532 1171 3621 implorabat,
1197 3536 1238 3599 nt
1267 3537 1410 3597 mentem
1437 3533 1509 3599 eius

463 3632 499 3697 in
515 3654 658 3697 amorem
673 3655 741 3699 suae
761 3634 947 3700 dilectionis
968 3658 1026 3721 per
1044 3635 1190 3722 aliquam
1209 3636 1352 3721 eorporis
1371 3634 1510 3701 infirmi-

464 3738 577 3813 tatem,
602 3754 702 3819 quam
724 3736 885 3803 sustinere
908 3742 1026 3825 posset,
1050 3738 1280 3817 eorroboraret,
1302 3759 1370 3803 non
1396 3742 1510 3804 tamen

463 3838 513 3903 ite
534 3841 573 3901 ut
595 3836 632 3901 in
651 3837 748 3903 rebus
766 3838 920 3903 humanis
940 3840 1097 3926 indignus
1112 3840 1167 3905 vel
1186 3837 1315 3904 inutilis
1330 3846 1511 3928 apprrersa
1552 3850 1558 3857 '

465 3940 614 4027 Cumque
650 3940 719 4007 baec
758 3940 884 4007 diutius
914 3942 952 4007 in
981 3964 1103 4029 magna
1132 3943 1253 4008 mentis
1282 3943 1456 4010 devotione
1485 3966 1512 4011 a

463 4042 605 4111 Domino
628 4044 833 4131 postulasset,
857 4050 933 4132 post
958 4046 1202 4131 aliquantulum
1224 4046 1381 4135 temporis
1402 4046 1509 4113 inter-

461 4148 592 4213 stitium
619 4146 685 4213 Dei.
707 4170 841 4215 munere
867 4147 922 4213 fici
949 4146 1094 4215 dolorem
1124 4149 1292 4217 incurrit
1318 4148 1360 4215 In
1384 4170 1448 4237 quo
1472 4156 1512 4217 et

461 4271 547 4337 aegre
573 4272 631 4337 per
654 4252 776 4318 multos
802 4250 955 4317 laborans
978 4273 1083 4317 annos
1107 4252 1149 4318 ds
1171 4252 1245 4317 vita
1268 4251 1370 4349 etiam
1396 4252 1510 4338 despe-

461 4352 564 4419 rabat.
