3567 5800
470 856 514 925 32
734 871 799 926 aro
824 871 872 924 na
892 870 1026 924 orsurus
1049 872 1137 924 srnc.
1163 873 1254 927 ursr.

470 1063 560 1150 quod
589 1067 668 1130 ante
692 1066 843 1129 sanctum
868 1061 1070 1129 Edwardum
1096 1084 1206 1150 regom
1231 1062 1365 1130 fuenrnt
1393 1061 1517 1152 regalia

469 1167 507 1233 in
542 1165 666 1254 Anglia
688 1165 809 1254 quibus
839 1186 932 1254 reges
964 1165 1095 1234 fuerant
1130 1167 1284 1234 coronati
1342 1166 1397 1234 Sic
1429 1167 1516 1233 enim

300 1289 407 1343 mma
470 1274 638 1336 testantur
686 1270 799 1336 mora
847 1269 1081 1349 Historiarum,
1128 1270 1218 1357 quod
1265 1270 1440 1338 Edmundo
1481 1275 1516 1338 et

299 1357 457 1475 &duma
472 1373 624 1440 Onutone
662 1395 722 1460 pro
763 1393 864 1461 regno
906 1371 1040 1460 Angliae
1080 1373 1282 1440 certantibus
1322 1373 1358 1440 in
1399 1373 1514 1462 proelio

300 1491 429 1542 torum.
472 1475 639 1562 singulari,
668 1476 862 1541 ‘hastarum
900 1476 1000 1542 robur
1037 1475 1165 1562 deperit
1189 1481 1258 1542 tam
1293 1477 1420 1544 virtute
1455 1478 1515 1543 im·

300 1557 457 1674 fflfflm
470 1579 693 1666 pugnantium
744 1601 866 1666 regrum,
919 1600 1018 1664 quarn
1073 1579 1324 1646 fortissimorum
1384 1579 1514 1646 obiectu

300 1691 372 1742 Mur
469 1681 653 1768 clipeorum
697 1681 835 1748 Eductis
854 1682 958 1746 etiam
979 1681 1111 1746 ensibus
1128 1703 1197 1748 sese
1217 1686 1333 1748 mutuo
1353 1682 1512 1760 ferientes,

299 1756 430 1878 Xffl‘ffi',
468 1785 588 1852 acriter
627 1790 728 1872 atque
768 1783 826 1850 diu
864 1805 939 1850 cum
976 1783 1094 1871 gladiis
1126 1805 1197 1849 rem
1231 1790 1374 1871 agentes,
1406 1787 1513 1852 virtum

467 1988 1512 2077 ,t

297 2074 443 2195 ffi‘ffl
467 2098 693 2178 prorumpunt
765 2089 836 2157 Ubi
882 2041 961 2156 vebo
1010 2090 1047 2156 id
1093 2091 1354 2159 robustissimum
1399 2099 1512 2182 pectus

468 2195 637 2262 Edmundi
665 2216 708 2261 ex
737 2195 809 2281 ipso
846 2193 992 2261 bellandi
1032 2197 1126 2260 motu
1155 2195 1204 2260 ira
1232 2195 1447 2277 succenditur,
1478 2203 1512 2263 et

465 2297 625 2386 sanguina
654 2297 833 2364 calescente
862 2297 969 2366 faetus
997 2297 1161 2364 robustior
1193 2297 1364 2366 dexteram
1393 2299 1510 2380 elevat,

464 2423 574 2468 ensem
598 2400 718 2481 vibrat,
744 2407 780 2468 et
804 2406 902 2468 tanta
931 2400 1140 2467 vehementia
1163 2401 1200 2466 in
1224 2406 1323 2490 caput
1348 2401 1511 2470 cnutonis

464 2503 571 2572 ictus¹
597 2503 792 2592 ingeminat,
819 2509 859 2570 ut
881 2502 1058 2570 fulminare
1083 2504 1194 2592 potius
1220 2526 1320 2591 quam
1344 2513 1510 2593 percutere

463 2608 639 2676 videretur.
696 2608 769 2689 Quo
798 2607 895 2688 facto,
925 2612 1022 2696 rogat
1054 2605 1166 2675 Cnuto
1199 2607 1411 2675 Edmundum
1440 2630 1510 2674 sus·

462 2713 568 2779 tinere
594 2711 757 2777 modicum
787 2715 822 2776 et
844 2709 910 2778 sibi
940 2715 1096 2799 praestare
1125 2711 1285 2779 auditum.
1341 2711 1402 2778 Ille
1430 2735 1508 2780 vero

462 2815 577 2881 statim
596 2814 639 2880 ad
659 2813 762 2879 verba
781 2811 945 2880 Onutonis
966 2813 1114 2880 intendit
1131 2813 1278 2881 dicentis.
1318 2814 1507 2882 ‘Hactenus

462 2919 556 3005 regni
576 2918 629 2984 tui
651 2918 798 3005 cupidus,
815 2918 964 2984 virorum
980 2915 1166 2997 fortissime,
1188 2940 1283 3005 quam
1311 2940 1378 2985 non
1402 2922 1515 3003 solum,

461 3044 562 3109 regno
587 3020 717 3109 Angliae
746 3020 804 3086 sed
832 3021 986 3087 universo
1016 3022 1089 3087 orbi
1120 3021 1230 3089 iudico
1259 3021 1505 3109 praeferendum,

460 3147 549 3191 nunc
587 3124 736 3211 cupidior
778 3123 830 3189 tui
870 3144 945 3189 sum
984 3145 1083 3210 quam
1113 3125 1214 3212 regni.
1277 3124 1361 3191 Mihi
1404 3126 1506 3194 Dacia

459 3229 571 3305 servit,
595 3227 677 3292 mihi
706 3225 886 3313 Norwegla
915 3227 1106 3307 succumbit,
1130 3228 1213 3293 mihi
1238 3250 1299 3295 rex
1321 3229 1505 3297 Suavorum

460 3353 577 3397 manus
606 3330 707 3395 dedit
764 3328 936 3410 Quocirca,
969 3328 1047 3395 licet
1085 3350 1138 3395 mc
1183 3331 1341 3397 victorem
1382 3333 1536 3421 ubique·

459 3434 609 3501 futurum
663 3432 798 3498 fortuna
851 3429 1051 3519 promiserit,
1098 3432 1148 3497 ita
1192 3438 1304 3499 tamen
1349 3440 1409 3501 tua
1453 3458 1504 3504 mo

459 3536 619 3601 mirabilis
640 3535 787 3621 probitas
809 3534 919 3600 illexit
942 3534 984 3599 ad
1009 3535 1162 3621 gratiam,
1182 3541 1222 3602 ut
1248 3558 1347 3624 supra
1371 3539 1504 3607 modum

457 3646 491 3704 te
511 3643 547 3704 et
566 3638 708 3703 amioum
731 3636 860 3725 cupiam
883 3642 918 3703 et
941 3658 1114 3724 regnorum
1137 3644 1319 3705 consortem
1344 3648 1504 3728 exoptem.

460 3742 600 3807 Utinam
638 3745 674 3805 et
715 3744 754 3805 tu
795 3740 860 3805 mei
899 3740 1035 3827 cupidus
1074 3740 1128 3819 sis,
1159 3746 1198 3807 ut
1237 3764 1298 3830 ego
1327 3748 1436 3809 tecum
1466 3746 1502 3810 in

457 3843 580 3931 Anglia
609 3848 643 3909 et
672 3847 711 3908 tu
740 3842 778 3907 in
807 3841 913 3907 Dacia
938 3863 1066 3908 mecum
1091 3844 1228 3931 regnes!
1284 3845 1415 3911 Annuit
1442 3847 1503 3913 cle-

456 3946 678 4013 mentissimus
703 3966 762 4009 rex
788 3944 983 4011 Edmundus
1006 3956 1040 4011 et
1069 3946 1156 4011 cedit
1185 3946 1303 4025 verbis,
1331 3947 1388 4033 qui
1414 3948 1502 4015 flecti

456 4072 523 4116 non
548 4049 659 4136 potuit
685 4046 793 4113 armis
839 4046 1009 4133 Depositis
1032 4047 1110 4113 hinc
1133 4046 1209 4113 inde
1236 4049 1335 4113 armis
1359 4050 1500 4135 splendi-

456 4152 599 4218 dissimis
637 4150 673 4215 in
718 4148 828 4215 oscula
856 4154 982 4230 ruunt3
1026 4149 1145 4215 deinde
1175 4149 1212 4215 in
1252 4150 1384 4240 signum
1414 4154 1501 4240 pacis

455 4260 561 4321 vestes
590 4257 758 4319 mutantes
795 4255 830 4317 et
864 4272 964 4333 arma,
1004 4250 1043 4317 fit
1082 4251 1277 4318 Edmundus
1319 4252 1438 4337 Onuto,
1466 4263 1501 4323 et

456 4358 567 4424 Onuto
607 4352 822 4420 Edmundus.'
868 4352 915 4419 Et
950 4354 996 4419 sic
1031 4354 1180 4440 sequitur
1212 4354 1256 4420 ad
1289 4358 1500 4443 propositum.

456 4458 652 4524 ‘Dividitur
679 4456 793 4543 itaque
833 4456 921 4523 inter
968 4456 1050 4523 duos
1099 4478 1259 4545 regnum3
1309 4459 1366 4526 sed
1389 4464 1501 4529 tamen

751 4790 845 4857 Ιἰοὶιιι]
858 4789 931 4842 Matr
943 4788 1060 4851 worma
1078 4790 1149 4850 rtur,
1157 4788 1213 4841 MS.
