3567 5800
488 882 533 947 92
740 896 806 945 mc.
830 896 876 944 nn
897 894 1036 944 omma
1059 896 1149 945 senc.
1174 896 1262 944 ursr.

487 1088 589 1150 nante
610 1084 660 1149 sol
680 1082 858 1149 videbatur
879 1081 1032 1162 serenior,
1048 1082 1150 1148 maris
1171 1080 1263 1147 unda
1284 1082 1436 1170 pacatior,
1452 1086 1542 1147 terra

486 1186 664 1263 fecundior,
699 1190 735 1252 et
765 1186 871 1253 totius
908 1185 1003 1272 regni
1018 1252 1021 1259 ,
1037 1184 1135 1251 facies
1166 1184 1404 1251 abundantiori
1426 1186 1539 1251 decore

487 1289 665 1355 venustior.
712 1287 756 1352 In
779 1287 896 1354 diebus
918 1287 1008 1353 illius
1030 1309 1099 1354 non
1134 1292 1309 1367 tormenta,
1331 1308 1402 1353 non
1423 1309 1538 1366 nuces,

486 1408 555 1455 non
577 1390 713 1457 exitium
747 1410 808 1456 nec
840 1388 1050 1476 proscriptio,
1073 1393 1238 1475 quantum
1271 1388 1353 1455 boni
1386 1388 1540 1476 principis

486 1494 540 1558 vel
561 1493 644 1558 levis
665 1491 846 1557 timebatur
867 1490 998 1557 offensa
1057 1490 1219 1557 Omnibus
1250 1490 1357 1579 igitur
1390 1513 1449 1578 per
1471 1492 1538 1556 An-

485 1595 588 1683 gliam
609 1595 646 1660 in
677 1594 818 1661 eundem
852 1592 1039 1659 dilectionis
1074 1593 1226 1683 spiritum
1262 1592 1541 1671 concurrentibus,

486 1720 547 1765 rex
567 1700 604 1765 in
633 1697 776 1764 ecclesiis
805 1696 1044 1777 construendis,
1069 1695 1235 1775 ornandis,
1266 1695 1303 1761 in
1336 1696 1541 1763 monasteriis

486 1801 664 1869 fumdandis
693 1804 728 1867 et
751 1798 898 1865 ditandis
920 1820 1032 1865 curam
1055 1803 1091 1865 et
1112 1820 1244 1886 operam
1267 1798 1488 1887 impendebat

319 2129 452 2185 wracen,
472 2084 738 2179 'Oosnnusrm
771 2110 941 2196 Quocirca
955 2110 1119 2197 Edparus
1134 2116 1293 2177 socnam
1309 2108 1541 2178 numu-nem

317 2195 473 2314 puppas
813 2212 856 2279 ab
878 2211 983 2280 exitio
1006 2210 1216 2280 revocaverit

317 2440 404 2491 Reum
414 2439 445 2490 οι
532 2424 784 2491 Couslmuus
806 2424 911 2511 igitur
933 2424 970 2489 in
992 2444 1103 2510 regno,
1119 2428 1160 2489 ut
1182 2422 1338 2501 diximus,
1355 2422 1541 2509 Anglorum

316 2508 440 2560 Dumna
486 2549 546 2593 rex
581 2528 741 2615 gloriosus
779 2526 940 2613 Edgarus,
979 2524 1167 2591 convocatis
1204 2523 1309 2591 totius
1353 2524 1449 2612 regni
1486 2524 1540 2589 sui

486 2628 707 2716 magnatium,
752 2629 909 2715 praecopit
945 2627 1119 2694 consilium
1166 2626 1331 2693 celebrari
1393 2626 1437 2691 In
1474 2648 1541 2713 qno

485 2730 679 2797 adnihilatis
710 2728 873 2810 omnibus,
896 2750 972 2814 quse
1006 2728 1151 2795 afratre
1184 2729 1255 2794 eius
1286 2749 1364 2814 rege
1396 2726 1540 2794 Edwino

485 2832 607 2920 iniquis
628 2831 762 2897 fuerant
793 2830 920 2919 legibus
954 2830 1095 2910 decreta,
1118 2852 1157 2896 ac
1187 2829 1353 2904 restitutis
1387 2829 1539 2896 omnibus

485 2957 559 3021 quae
581 2935 731 3000 violenta
752 2933 843 3000 illius
856 2934 992 3000 fuerant
1016 2933 1240 2999 dominatione
1262 2932 1385 3011 ablata,
1401 2953 1538 2999 venera-

484 3036 587 3101 bilem
608 3035 820 3102 Dnnstanum
843 3037 880 3100 in
901 3057 1024 3122 magna
1045 3034 1151 3122 gloria
1173 3035 1214 3100 de
1236 3033 1337 3101 exilio
1360 3035 1538 3116 revomuit,

484 3143 520 3206 et
541 3139 664 3204 maiore
687 3160 787 3225 quam
820 3137 863 3202 ab
895 3137 1049 3203 omnibus
1081 3141 1160 3202 ante
1191 3135 1325 3223 regibus
1359 3135 1540 3202 honoratus

483 3241 602 3307 fuisset
633 3239 740 3328 gloria
770 3238 972 3304 sublimavit.
1042 3237 1107 3304 Oui
1142 3238 1243 3303 etiam
1277 3243 1317 3304 ut
1348 3237 1539 3324 pontificale

484 3344 582 3410 decus
613 3343 792 3430 susciperet
829 3341 1021 3406 vehementi
1052 3339 1213 3427 petitione
1250 3339 1443 3422 admonuit;
1480 3361 1540 3406 nec

485 3452 562 3511 ante
584 3468 605 3510 a
631 3443 784 3533 precibus
817 3463 941 3509 cessare
976 3442 1093 3520 voluit,
1129 3463 1228 3528 qnam
1261 3441 1359 3506 illum
1390 3443 1435 3508 ad
1465 3463 1541 3508 con-

314 3555 431 3634 suumn
485 3547 695 3613 sentiendum
717 3546 880 3625 suaderet,
904 3549 939 3610 et
961 3543 1102 3611 ecclesiae
1126 3543 1361 3631 Wygornisnsi
1376 3565 1452 3631 quae
1476 3545 1540 3612 sub

314 3620 463 3738 tum,
485 3648 609 3714 honore
630 3648 738 3714 cata
761 3647 903 3735 arguis
927 3646 1043 3712 naua
1064 3645 1209 3733 pollebat
1231 3645 1423 3732 praseae
1473 3647 1541 3729 on

484 3772 558 3816 cum
596 3749 836 3815 Dorobemiam
873 3747 1050 3814 sacrandus
1091 3747 1273 3825 adveniret,
1312 3753 1347 3814 et
1396 3748 1539 3815 recitata

481 3851 643 3940 petitione
665 3851 743 3917 cleri
773 3872 813 3916 ao
842 3849 958 3937 populi
988 3871 1135 3915 summus
1168 3847 1233 3915 Dei
1266 3850 1415 3916 sacerdos
1450 3851 1539 3917 Oan-

480 3953 658 4020 tuariensis
698 3952 958 4039 archiepiscopus
1005 3951 1077 4017 Odo
1121 3951 1307 4038 gaudenter
1350 3953 1535 4036 annuisset,

481 4057 631 4122 mirabile
655 4055 767 4122 dictu!
791 4061 938 4120 ceterum
953 4053 1207 4120 consecrationis
1229 4053 1453 4120 ministerium
1467 4078 1536 4122 non

481 4160 576 4246 qnasi
598 4180 694 4245 super
716 4155 901 4222 antistitem
924 4155 1209 4242 Wygorniensem,
1233 4156 1292 4222 sed
1325 4156 1411 4222 sicut
1437 4181 1539 4245 super

481 4260 760 4347 archiepiscopum
783 4256 1057 4323 cantuariensem
1089 4256 1288 4322 mirabiliter
1321 4263 1423 4344 atque
1453 4259 1539 4324 bila-

481 4363 562 4426 riter
584 4359 734 4426 absolvit.
793 4359 866 4439 Qua
889 4357 930 4423 de
952 4379 987 4423 re
1007 4381 1028 4423 a
1051 4359 1283 4424 circumstante
1313 4359 1399 4426 clero
1428 4382 1539 4447 mpre-

481 4462 609 4539 bensus,
633 4461 723 4547 quod
744 4464 859 4525 contra
879 4464 1011 4547 patrum
1046 4460 1176 4525 decreta
1198 4467 1319 4547 ageret,
1351 4462 1409 4548 qui
1437 4463 1538 4529 unius

482 4563 623 4629 ecclesiae
657 4561 835 4649 probibent
866 4561 948 4625 duos
979 4583 1049 4627 esse
1082 4562 1275 4642 sacerdotes,
1299 4583 1359 4628 nec
1391 4585 1452 4650 per
1483 4565 1538 4632 ius

481 4663 675 4729 hereditatis
711 4662 784 4728 fieri
826 4663 1019 4728 eiectionem
1068 4663 1286 4740 successionis,
1324 4665 1391 4729 tale
1430 4665 1537 4732 fertur

480 4787 669 4851 responsum
692 4765 827 4830 dedisse.
875 4771 895 4799 “
914 4762 949 4831 Si
965 4763 1089 4830 divinis
1111 4763 1257 4830 humana
1278 4787 1346 4831 non
1372 4768 1538 4847 cederent,
