3567 5800
471 897 518 946 nn
538 897 654 948 emrrs
675 897 796 948 aucun
817 896 956 948 sran-
965 900 1011 948 ιν.
1034 886 1086 951 33.
1240 887 1302 951 281

258 1083 348 1162 ultor
375 1081 505 1148 iniuriae
533 1081 657 1149 Christi
680 1103 793 1148 mucro
817 1082 1001 1150 desaeviet”
1055 1081 1307 1170 Obstupuerunt

259 1207 371 1252 omnes
386 1187 391 1202 '
404 1185 462 1273 qui
496 1183 678 1251 audiebant
714 1186 863 1268 verbum,
886 1191 921 1252 et
954 1186 1034 1272 quia
1067 1191 1165 1252 extra
1195 1185 1307 1251 orbem

259 1289 359 1376 positi
396 1288 437 1354 de
473 1293 598 1376 septem
635 1288 877 1356 dormientibus
914 1289 1001 1355 nihil
1037 1289 1221 1369 audierant,
1258 1288 1309 1353 in·

260 1391 467 1477 quirentibus
500 1391 558 1478 qui
589 1397 706 1472 essent,
729 1395 764 1458 et
786 1393 884 1473 unde,
906 1414 967 1458 rex
987 1391 1094 1457 vitam
1126 1391 1256 1457 illorum
1273 1400 1309 1458 et

261 1493 396 1558 nomina
417 1499 451 1558 et
472 1493 656 1580 passionem
678 1499 713 1560 et
744 1495 954 1561 dormitionis
982 1494 1117 1560 modum
1148 1494 1308 1582 exposuit.

262 1595 391 1677 Quibus
412 1595 536 1662 auditis
558 1596 643 1663 inito
665 1597 800 1664 consilio
814 1603 855 1664 ut
875 1597 976 1664 fidem
998 1598 1137 1686 posteris
1155 1597 1308 1678 facerent,

262 1699 305 1765 ad
342 1698 576 1786 explorandam
613 1698 769 1766 sermonis
807 1699 985 1765 veritatem
1023 1699 1192 1766 Haroldus
1237 1699 1308 1766 dux

262 1801 354 1868 misit
383 1801 532 1880 militem,
555 1800 726 1891 episcopus
757 1803 892 1890 quidam
915 1803 973 1888 qui
994 1808 1075 1870 tunc
1096 1802 1195 1868 affuit
1216 1802 1309 1868 cleri-

262 1925 348 1983 cum,
369 1903 471 1970 abbas
494 1925 572 1970 vero
605 1903 811 1986 monachum,
834 1927 910 1970 cum
931 1905 1031 1992 regiis
1062 1904 1252 1971 muneribus
1274 1908 1443 1982 seman

262 2005 383 2072 litteris
416 2007 507 2093 regio
540 2005 649 2092 sigillo
682 2007 821 2072 munitis
843 2007 886 2072 ad
918 2007 1114 2074 Michaelem
1147 1983 1387 2100 constan-*3¹¹

265 2108 518 2197 tinopolitanum
540 2109 770 2197 imperatorem
792 2109 997 2198 postulantes
1018 2121 1057 2178 ut
1078 2112 1164 2198 regis
1186 2112 1310 2200 Anglo-
1320 2064 1440 2167 Miiemhael

264 2234 338 2278 rum
370 2212 527 2278 Edwardi
561 2212 680 2300 legatis
713 2218 840 2300 septem
873 2213 1005 2280 iuberet
1035 2214 1235 2281 dormientes
1261 2238 1312 2282 cs-

263 2315 364 2381 tendi.
411 2313 479 2396 Qui
500 2313 559 2380 ubi
581 2315 624 2380 ad
645 2315 760 2381 urbem
786 2316 911 2403 regiam
933 2321 1164 2402 pervenerunt,
1185 2316 1260 2382 ab'
1250 2339 1312 2382 rm·

264 2423 414 2504 peratore
451 2416 687 2484 honorabiliter
723 2418 865 2505 suseepti
896 2424 984 2484 sunt.
1051 2419 1161 2486 lectis
1197 2426 1310 2486 autem

264 2520 385 2586 litteris
407 2541 515 2585 coram
545 2520 747 2637 imperatore
775 2519 974 2587 exultavit
963 2542 1000 2586 ιιι
1021 2521 1143 2608 gaudio
1173 2523 1310 2610 spiritus

265 2623 344 2704 eius,
382 2627 416 2688 et
452 2622 723 2709 thesaurosgra
665 2621 780 2690 cratiae
820 2623 943 2711 Anglis
981 2623 1112 2690 coelitus
1148 2625 1311 2690 revelatos

257 2726 443 2813 plurimum
472 2725 732 2813 gratulabantur.
790 2725 979 2792 Mittuntur
1009 2726 1183 2814 Ephesum,
1206 2733 1240 2793 et
1268 2750 1311 2793 ex

264 2828 471 2916 imperatoris
504 2829 661 2896 mandato
695 2828 864 2917 episcopus
898 2851 973 2896 cum
1009 2829 1094 2895 clero
1126 2834 1161 2894 et
1191 2830 1312 2918 populo

264 2931 455 3019 praecedunt
486 2932 635 3019 iegatos;
668 2932 929 3019 introductisque
952 2955 1027 2999 cum
1052 2933 1253 2999 aromatibus
1275 2934 1312 2997 in

265 3035 454 3121 speluncam
487 3040 673 3101 sanctorum
706 3056 839 3123 corpora
860 3036 960 3101 facies
982 3047 1016 3101 et
1037 3041 1147 3101 vestes
1168 3042 1203 3101 et
1223 3036 1312 3122 ipsos

265 3138 302 3201 in
323 3137 426 3203 latere
447 3136 580 3203 sinistro
603 3144 815 3224 repausantes
837 3138 992 3203 ostendit
1048 3137 1093 3203 Et
1115 3159 1189 3204 ecce
1211 3138 1313 3204 timor

266 3260 404 3325 magnus
426 3238 526 3303 irruit
547 3260 645 3327 super
667 3262 729 3321 eos,
745 3240 897 3305 videntes
919 3241 1030 3305 omnia
1051 3240 1147 3327 signa
1167 3240 1204 3303 in
1226 3262 1312 3306 mar-

266 3342 397 3427 tyribus
433 3342 469 3405 in
507 3341 643 3423 Graecia,
677 3364 752 3428 quae
789 3345 924 3407 sanctus
960 3364 1019 3407 rex
1056 3342 1239 3408 Edwardus
1275 3344 1313 3411 in

266 3444 390 3531 Anglia
423 3443 487 3509 Dei
518 3443 647 3531 Spiritu
674 3444 811 3511 docente
835 3444 1004 3510 didicerat.
1065 3444 1169 3510 Facta
1199 3446 1312 3533 itaque

266 3548 412 3613 oratione
435 3546 617 3632 oblatisque
638 3546 829 3613 muneribus
850 3567 926 3612 cum
945 3568 1075 3614 summa
1096 3549 1312 3636 prosperitate

265 3649 457 3737 repatriant,
481 3648 607 3718 Graecis
639 3649 868 3716 exultantibus
899 3650 936 3715 in
957 3649 1009 3716 his
1031 3672 1105 3736 quae
1138 3652 1312 3719 audierant

266 3758 301 3819 et
331 3752 495 3830 viderant,
528 3754 615 3819 sicut
647 3753 771 3819 dictum
801 3759 852 3819 est
882 3753 926 3819 sd
959 3752 1044 3832 illos,
1081 3754 1209 3819 nuntiis
1241 3762 1311 3821 tam

267 3856 451 3942 Anglorum
482 3856 552 3943 regi
578 3877 678 3942 quam
708 3856 798 3943 plebi
832 3856 1027 3922 mandatum
1061 3856 1256 3923 miraculum
1277 3864 1312 3925 et

265 3958 343 4023 fidei
374 3964 499 4023 certum
532 3958 775 4045 reportantibus
805 3965 1047 4046 argumentum.
1097 3958 1222 4047 Regem
1245 3982 1312 4027 non

265 4060 382 4125 fefellit
414 4060 589 4139 oraculum,
636 4062 792 4146 quoniam
825 4062 897 4147 ipso
932 4062 977 4127 ad
1009 4082 1147 4148 regnum
1181 4061 1313 4128 coeleste

267 4162 427 4227 translato
449 4168 566 4227 cuncta
587 4168 750 4229 terrarum
772 4185 874 4250 mgna
895 4168 1057 4229 commota
1079 4170 1178 4229 sunt:
1214 4164 1313 4249 Syria

267 4266 402 4351 paganis
439 4264 581 4341 subacta,
613 4265 779 4331 destructa
807 4266 1012 4343 monasteria,
1039 4266 1158 4331 dirutae
1187 4288 1208 4330 a
1237 4266 1313 4333 fun-

268 4367 430 4433 damentis
458 4366 608 4446 ecclesiae,
631 4368 729 4455 plena
753 4368 924 4439 funeribus
954 4368 1071 4445 omnia,
1094 4372 1201 4433 morte
1223 4370 1313 4457 prin·

267 4472 374 4558 cipum
412 4468 599 4537 Graecorum
636 4470 859 4537 Romanorum
900 4470 1098 4536 Francorum
1129 4470 1312 4559 Anglorum

255 4580 301 4640 ¹et
325 4594 425 4660 regna
447 4577 554 4639 cetera
577 4573 775 4661 perturbata
823 4574 944 4660 Liquet
966 4573 1070 4660 igitur
1090 4595 1200 4660 regem
1222 4596 1314 4640 sanc-

267 4677 430 4742 tissimum
467 4676 586 4763 spiritu
616 4676 797 4764 prophetiae
833 4677 943 4764 gratia
975 4676 1120 4762 pleniore
1158 4677 1311 4757 ditatum,

267 4778 319 4845 cui
364 4801 430 4844 uno
470 4779 647 4865 eodemque
685 4784 831 4866 tempore
874 4783 909 4845 et
953 4786 1088 4867 patuere
1133 4782 1311 4868 praeterita,
