3567 5800
475 885 521 934 na
541 884 659 935 creme
680 882 804 935 nescu
826 881 1025 934 arcu-111.
1051 871 1079 932 3.
1259 865 1299 930 27

262 1067 349 1133 fatue
384 1069 438 1134 vir
477 1069 672 1136 reverendus
708 1068 832 1134 dictum
861 1071 1042 1134 tractatum
1079 1067 1122 1132 ad
1151 1064 1463 1162 illustris-Decimum

262 1171 379 1236 simum
394 1171 573 1260 principem
593 1171 763 1238 dominum
783 1171 959 1238 Ricardum
979 1169 1157 1236 nectendum
1172 1167 1305 1256 anglia
1316 1159 1342 1203 ¹⁰
1353 1151 1426 1202 Μ
1433 1151 1469 1202 11.

263 1279 296 1339 et
325 1273 472 1344 Franciae
500 1298 610 1364 regem
639 1275 803 1342 destinare
832 1275 970 1355 curavit,
1000 1272 1062 1340 sub
1095 1277 1208 1338 tenore
1233 1293 1305 1338 ver·

264 1377 378 1443 borum
405 1380 464 1466 qni
488 1379 541 1446 hic
568 1378 727 1466 sequitur.

309 1481 495 1570 “Princeps
523 1483 747 1560 invictissime,
771 1481 850 1568 quia
873 1486 1018 1548 vestram
1043 1478 1165 1568 regiam
1191 1478 1307 1545 maies-

264 1588 367 1650 tatem
397 1585 438 1652 de
466 1586 581 1672 primis
610 1585 771 1673 regalibus
800 1584 894 1670 regni
916 1585 1026 1662 vestri,
1057 1589 1097 1650 ut
1123 1583 1305 1660 didicimus,

264 1687 405 1754 delectat
451 1688 574 1769 audire,
619 1693 765 1754 vestram
812 1685 1121 1753 excellentissimam
1162 1686 1307 1754 domina·

264 1790 386 1856 tionem
401 1791 579 1857 secuudum
602 1790 772 1857 modulum
792 1791 997 1878 paupertatis
1016 1791 1161 1858 scientim
1175 1795 1307 1870 nostres,

262 1900 361 1980 prout
375 1915 419 1959 ex
440 1893 637 1978 quibusdam
658 1894 877 1981 excerpsimus
906 1915 1005 1980 penes
1034 1915 1094 1960 nos
1123 1891 1308 1970 autenticis,

263 1996 375 2064 taliter
404 1997 558 2064 duximus
597 1996 848 2064 informandam.
909 1996 974 2062 Sed
1011 1997 1089 2082 quia
1120 1995 1161 2062 de
1194 1995 1310 2084 primis

262 2099 426 2188 regalibus
445 2101 539 2187 regui
553 2101 655 2166 vestri
668 2106 780 2167 vestra
793 2099 981 2186 frequenter
994 2104 1144 2166 versatur
1158 2099 1308 2178 intentio,

264 2209 305 2268 ut
331 2208 451 2270 vestrae
475 2203 643 2270 voluntati
672 2203 709 2269 in
739 2204 801 2270 hac
829 2204 969 2270 materis
990 2203 1137 2290 plenarie
1168 2202 1310 2269 satisfiat

262 2307 367 2372 etsie
395 2307 527 2374 demum
556 2312 666 2374 vester
695 2307 859 2394 appetitus
896 2329 937 2372 ex
974 2307 1103 2394 integro
1135 2307 1309 2392 quietetur,

264 2409 362 2496 paulo
402 2409 503 2476 altius
539 2410 673 2477 videtur
712 2410 750 2474 in
789 2409 852 2474 bac
891 2409 1031 2476 materia
1066 2408 1309 2475 inchoandum:

264 2512 388 2578 scilicet
409 2513 514 2599 primo
528 2513 569 2580 de
583 2515 702 2580 vestris
716 2513 976 2579 antecessoribus
991 2517 1025 2578 et
1039 2511 1311 2600 progenitoribus,

265 2615 324 2701 qui
344 2616 383 2680 in
413 2615 480 2682 suis
508 2615 774 2684 coronationibus
796 2615 928 2681 fuerant
952 2617 1116 2703 regalibus
1139 2615 1311 2704 insigniti3

264 2717 415 2795 secundo,
438 2717 479 2784 de
504 2717 574 2784 loco
604 2719 810 2784 celeberrimo
834 2717 894 2784 ubi
923 2740 965 2783 ex
987 2723 1114 2784 statuto
1143 2741 1257 2805 regum
1279 2721 1314 2783 et

265 2821 397 2909 Angliae
411 2821 659 2888 monarcbarum
677 2843 716 2889 ac
737 2821 945 2888 ordinatione
962 2823 1157 2910 pontificum
1173 2821 1314 2888 Roman·

267 2946 361 2991 orum
394 2928 505 2991 vestra
533 2925 657 3012 regalia
695 2930 922 3012 reponuntur3
960 2931 995 2991 et
1031 2926 1132 2993 tertio
1169 2926 1313 3007 tandem,

267 3050 342 3113 quae
372 3033 450 3093 sunt
478 3026 538 3093 illa
565 3028 696 3115 regalia,
735 3032 770 3094 ct
798 3029 886 3093 unde
923 3028 1082 3115 originem
1116 3028 1313 3108 habuerunt,

267 3153 342 3217 quse
363 3130 463 3197 modo
489 3131 644 3197 dicuntur
668 3130 776 3217 prima
798 3131 924 3218 regalia
946 3132 1040 3218 regni
1061 3132 1191 3197 vestri”

315 3242 333 3270 “
349 3234 467 3315 Quoad
480 3235 625 3320 primum
647 3232 834 3313 articulum,
850 3234 972 3300 dicitur
995 3234 1211 3301 communiter
1225 3233 1314 3321 quod
1327 3238 1439 3292 Alted’s

268 3338 423 3405 elfredus
452 3337 521 3402 sive
551 3336 724 3415 Aluredus‚
755 3337 813 3422 qui
842 3336 1007 3402 binomius
1038 3342 1108 3403 erat
1137 3337 1314 3406 secundum
1327 3314 1460 3426 {goff'

267 3440 415 3507 diversas
458 3440 634 3520 chronicas,
671 3439 760 3505 filius
802 3438 1017 3527 AEthelwlphi
1063 3441 1148 3529 regis
1208 3443 1316 3510 West·

266 3566 438 3623 saxonum,
467 3543 531 3609 fuit
556 3544 681 3630 primus
704 3542 881 3609 monarcha
902 3543 1007 3609 totius
1034 3542 1175 3632 Angliae.
1245 3546 1316 3613 Iste

266 3648 359 3713 enim
381 3645 536 3711 Allredua
565 3646 635 3712 sive
663 3646 829 3711 Alurcdus
857 3646 909 3711 bis
939 3646 1037 3712 finisse
1067 3647 1191 3734 legitur
1227 3670 1316 3717 coro·

266 3755 377 3831 natus,
415 3755 450 3815 et
485 3749 559 3814 ideo
588 3747 629 3814 de
666 3755 806 3835 utraque
844 3748 914 3815 eius
943 3751 1153 3818 coronatione
1189 3752 1315 3839 aliquid

266 3858 324 3921 ast
356 3852 573 3931 scribendum,
609 3856 650 3919 ut
686 3852 733 3917 sic
777 3851 843 3917 illis
881 3873 954 3939 quse
991 3853 1144 3921 dicentur
1177 3856 1336 3923 inferius

266 3955 396 4024 facilior
424 3956 482 4021 via
510 3959 622 4041 pateat
651 3954 844 4021 intellectus.
906 3956 1000 4022 Sicut
1029 3957 1116 4023 enim
1147 3964 1316 4026 testantur
1328 3966 1414 4017 Flora
1422 3966 1482 4018 Ηίε-

264 4060 431 4127 chrcnicae
480 4056 618 4123 ‘l'lcres
656 4056 900 4123 Historiarum’
938 4061 1154 4127 communiter
1190 4041 1453 4153 nuncu-{5⁰5¹lerum

263 4168 369 4252 patae,
394 4171 478 4227 ‘rex
503 4160 694 4248 magnificus
710 4159 972 4228 Occidentalium
997 4162 1167 4230 Saxonum
1191 4164 1433 4232 AEtbel-Westm·

264 4267 409 4353 wlphus,
440 4286 514 4332 cum
544 4265 666 4331 honore
688 4263 835 4330 maximo
858 4265 998 4331 Romam
1019 4266 1193 4354 profectus,
1216 4268 1315 4333 duxit
1327 4238 1432 4366 &25⁷⁵

262 4390 381 4437 secum
399 4368 573 4435 Alfredum
593 4368 664 4433 sive
686 4367 876 4446 Aluredum,
899 4369 1006 4435 filium
1027 4392 1123 4437 suum
1144 4372 1314 4455 minorem,
1328 4369 1419 4421 wenc

263 4494 369 4561 quem
398 4471 513 4537 ceteris
542 4470 693 4537 omnibus
719 4471 794 4558 plus
819 4471 948 4555 dilexit,
979 4479 1019 4539 ut
1044 4498 1064 4540 a
1088 4498 1174 4564 papa
1198 4476 1315 4560 Leone,
1329 4452 1353 4501 μ
1366 4440 1423 4488 ²⁹⁰'

262 4575 395 4643 scilicet
432 4573 558 4661 quinto,
595 4573 740 4640 moribus
787 4574 912 4660 pariter
949 4580 983 4641 at
1019 4576 1178 4665 religione
1215 4578 1318 4647 infor·

261 4681 418 4745 meretur
453 4675 583 4743 ibidem.
656 4675 727 4742 Ubi
756 4698 831 4743 cum
872 4698 940 4744 uno
975 4700 1062 4746 anno
1098 4680 1228 4770 integro
1258 4705 1318 4751 rex

261 4803 349 4853 cum
377 4780 446 4849 filio
474 4780 660 4849 demoratus
688 4779 813 4859 fuisset,
844 4780 923 4848 fecit
953 4782 1057 4850 filiurn
1087 4807 1182 4855 suum
1212 4788 1261 4854 ibi
1297 4811 1319 4853 a
