3567 5800
439 796 492 862 civ
885 810 1047 861 carruca

271 992 377 1059 Styloof
384 997 427 1051 tte
475 987 500 1041 Ι.
519 988 546 1053 6,
560 990 575 1057 §
589 986 640 1043 18:
657 987 676 1014 “
686 1003 777 1059 supra
787 984 937 1041 nominata
948 984 1007 1041 tria
1018 984 1219 1057 promontoria
1230 984 1355 1043 Helonis
1368 984 1494 1053 scilicet,

275 1059 314 1111 ΡΘ
326 1062 389 1114 ⁰55¹*-
441 1072 460 1097 “
480 1071 620 1126 Ocrinnm
643 1076 674 1126 et
697 1077 769 1139 Κριοῦ
785 1073 905 1135 μέτωπον,
928 1074 962 1124 ut
982 1074 1013 1126 et
1032 1070 1151 1125 nomina
1171 1069 1334 1133 civitatum,
1359 1070 1495 1127 Graecam

440 1158 459 1182 ‘⁸
479 1154 716 1226 Pboenioiamque
728 1152 873 1225 originem
890 1152 1083 1209 redolentia.”
1121 1152 1219 1209 Greek
1232 1154 1330 1224 again,
1343 1154 1402 1211 this
1420 1154 1494 1209 time

590 1239 598 1271 l

438 1239 593 1393 ωῗῃιξῗᾱι
618 1321 662 1377 25.
711 1322 867 1385 “Mouam,
892 1319 1149 1393 religiosissimam
1175 1320 1312 1385 insulam,
1338 1322 1387 1375 ubi
1420 1322 1491 1377 olim

438 1408 457 1433 “
476 1405 606 1462 Druides
618 1404 780 1462 habitere?
816 1403 949 1459 Richard
967 1404 1064 1459 would
1075 1404 1192 1460 neither
1213 1405 1288 1459 have
1301 1406 1493 1461 commended

435 1490 485 1545 tbe
494 1490 621 1561 religion
634 1490 668 1545 of
676 1490 726 1545 the
736 1488 857 1553 Druids‚
868 1506 922 1543 nor
935 1488 1009 1544 have
1022 1488 1096 1543 used
1108 1488 1179 1543 such
1193 1506 1211 1542 a
1223 1488 1298 1543 form
1311 1506 1343 1543 as
1356 1488 1492 1543 tebitt‘re.

470 1573 495 1627 1.
508 1574 534 1639 6,
549 1577 564 1643 §
578 1575 622 1629 26.
663 1577 681 1600 “
693 1571 771 1627 Ordo
780 1572 843 1642 jam
856 1571 894 1626 ad
906 1572 988 1627 illam
1009 1590 1062 1627 nos
1082 1570 1202 1627 deducit
1216 1572 1406 1642 provinciam,
1424 1591 1492 1643 queo

437 1660 455 1683 “
475 1657 585 1713 rmus
613 1657 756 1713 Romanis
780 1659 894 1711 vocata.
922 1656 1001 1713 undo
1025 1654 1096 1711 verb
1119 1654 1173 1709 hoc
1197 1672 1304 1709 nomen
1334 1658 1491 1727 acceperit,

436 1744 455 1768 “
474 1746 574 1797 utrum
592 1738 611 1797 t
629 1746 723 1796 matre
745 1738 929 1796 Constantini
950 1738 1054 1810 Magni
1075 1738 1178 1793 Flavia
1202 1737 1223 1791 J
1224 1738 1286 1792 ulia
1309 1738 1432 1803 Helena,
1453 1758 1492 1795 ex

436 1825 455 1851 “
474 1826 521 1881 his
544 1825 632 1881 terris
657 1822 800 1880 oriunda?
820 1841 858 1878 an
882 1820 953 1877 verb
974 1820 992 1876 i
1011 1822 1210 1877 Romanorum
1234 1821 1347 1877 familia
1365 1822 1491 1878 Flavia?

436 1911 455 1935 “
474 1910 630 1979 quominus
649 1907 842 1963 determinari
862 1906 966 1977 possit,
987 1906 1083 1961 obstat
1102 1905 1211 1975 injuria
1231 1912 1405 1977 temporum,
1424 1927 1491 1978 qum

436 1995 454 2018 ‘⁴
473 1992 558 2047 uobis
578 1991 692 2047 invidet
715 1991 844 2060 genuina
863 2008 930 2061 quae
952 1990 1009 2045 huc
1034 1991 1164 2044 facerent
1185 1988 1368 2059 antiquitatis
1390 2008 1492 2046 monu-

435 2076 453 2099 “
473 2074 600 2129 menta.'’
637 2073 854 2129 Noton-nasein.
898 2073 960 2128 The
982 2073 1089 2143 phrase
1109 2072 1164 2128 ute
1176 2072 1274 2142 saec-re
1287 2072 1316 2127 in
1329 2072 1490 2129 Bertram's

433 2162 525 2218 notes.
540 2176 568 2229 p.
581 2157 643 2212 173.

468 2240 494 2294 1.
508 2240 534 2305 6,
549 2244 563 2310 §
578 2240 629 2295 28:
645 2241 742 2295 “cum
753 2238 824 2295 verb
835 2239 898 2294 haec
914 2239 1007 2308 [urba
1021 2239 1066 2295 ie.
1084 2239 1303 2309 Verulamium]
1317 2241 1355 2296 ad
1367 2241 1490 2296 munici-

434 2326 453 2350 “
472 2324 552 2395 piem
576 2323 751 2396 dignitatem
773 2342 790 2379 a
808 2322 950 2379 Romanis
974 2330 1086 2388 evecta,
1109 2323 1173 2394 ejus
1195 2342 1256 2395 pras
1280 2324 1346 2381 aliis
1367 2325 1489 2381 urbibus

434 2408 453 2433 “
473 2408 631 2461 eminentia
650 2406 711 2463 illis
729 2406 846 2462 omnino
863 2406 1087 2463 adscribenda.”
1124 2407 1186 2462 'l'he
1205 2407 1349 2478 adjective
1367 2408 1489 2463 munici-

428 2490 499 2562 pias
523 2508 646 2563 appears
669 2496 700 2546 to
724 2491 799 2545 have
822 2490 896 2545 been
920 2491 1024 2546 coined
1042 2492 1082 2562 by
1101 2492 1258 2557 Bertram;
1287 2492 1417 2563 possibly
1437 2492 1488 2548 the

432 2592 513 2630 same
525 2592 593 2644 may
605 2575 642 2629 be
655 2573 720 2629 said
731 2574 765 2628 of
774 2572 967 2639 rwdoeatum,
977 2574 1043 2645 just
1054 2574 1157 2630 below.

467 2659 492 2712 Ι.
509 2659 536 2722 6,
551 2662 566 2729 §
579 2658 623 2713 57.
660 2661 678 2685 ‘⁴
688 2657 850 2712 Proiectus
867 2657 931 2728 jam
944 2657 1023 2713 ultra
1037 2658 1146 2713 flumen
1157 2656 1290 2721 Vararis,
1313 2658 1392 2713 idem
1411 2658 1488 2713 illud

433 2744 452 2768 “
471 2740 603 2795 remetiri
621 2758 679 2795 non
696 2757 826 2811 possum,
841 2740 914 2810 quin
932 2741 963 2795 in
980 2745 1168 2812 transgressu
1189 2741 1317 2797 admirer
1330 2742 1486 2806 Romanos,

432 2829 451 2852 “
470 2822 545 2879 alias
567 2824 640 2879 satis
661 2829 796 2894 expertos
813 2824 927 2894 judicio
939 2831 1026 2897 atque
1040 2825 1228 2897 experientia,
1242 2826 1307 2881 heic
1325 2825 1409 2898 quasi
1421 2826 1487 2881 des-

432 2912 450 2936 “
471 2909 574 2964 titulos
586 2914 647 2965 tam
659 2908 843 2980 pei-absurda
854 2909 990 2980 opinione
1003 2910 1162 2976 laborasse,
1176 2915 1211 2966 ut
1229 2910 1319 2966 istam
1331 2911 1486 2967 Brittaniee

431 2996 450 3021 “
469 2999 674 3065 partemque
689 2992 753 3064 jam
765 2993 856 3047 armis
875 2992 1007 3064 ipsorum
1020 2995 1130 3054 intacta
1148 2994 1326 3065 quiescebat,
1340 2995 1486 3066 reliquam

431 3080 450 3104 ‘⁴
465 3077 528 3148 jam
548 3077 700 3133 subactam
721 3081 810 3148 atque
829 3093 997 3148 possessam
1018 3077 1106 3148 longe
1126 3077 1232 3150 majori
1252 3083 1283 3134 et
1301 3077 1486 3150 longitudine

431 3165 449 3189 ‘⁶
469 3168 500 3217 et
511 3161 666 3218 latitudine
684 3160 881 3217 metirentur.²
895 3161 994 3231 (quam
1006 3166 1107 3216 tamen
1124 3178 1174 3216 eos
1190 3161 1299 3216 fovisse
1318 3162 1486 3233 opinionem

431 3247 451 3272 ‘⁴
471 3246 542 3301 satis
563 3262 709 3318 superque
722 3245 857 3313 constet).
881 3245 932 3315 qui
950 3244 1030 3300 enim
1044 3262 1087 3311 ea,
1102 3263 1161 3314 qua
1175 3263 1229 3316 par
1248 3251 1302 3309 est,
1321 3251 1419 3300 mente
1441 3247 1484 3300 in-

429 3330 448 3354 “
469 3329 585 3400 signem
594 3329 795 3384 Romanorum
808 3328 998 3384 ambitionem
1011 3334 1099 3398 atque
1112 3328 1310 3385 insatiabilem
1340 3330 1483 3401 regnandi

430 3413 450 3438 “
469 3411 637 3482 cupidinem
659 3411 900 3473 consideraverit,
913 3417 943 3465 et
964 3428 1022 3483 quo
1042 3412 1158 3466 hostem
1176 3411 1226 3468 vix
1244 3411 1290 3466 ira
1310 3413 1441 3483 ipsorum
1454 3419 1485 3468 et

429 3498 449 3522 ‘⁴
469 3494 583 3556 notitia.
608 3493 717 3548 nedum
741 3493 845 3548 timore
870 3494 995 3566 dignum
1026 3496 1215 3553 excluderent
1241 3495 1386 3567 stupenda
1415 3497 1481 3564 iste,

427 3579 447 3604 ‘⁶
468 3594 532 3647 quae
553 3581 647 3630 totum
668 3574 771 3629 orbem
783 3576 815 3629 in
827 3577 1052 3633 admirationem
1075 3580 1121 3635 sui
1143 3579 1230 3634 facile
1250 3580 1380 3646 uehunt,
1394 3598 1484 3653 opera

429 3663 449 3687 ‘⁴
469 3659 607 3714 erexisse.
621 3659 654 3712 in
665 3658 721 3714 hoo
733 3665 768 3713 ut
779 3659 810 3712 in
822 3661 938 3716 caeteris
956 3680 1044 3733 quam
1063 3663 1200 3735 plurimis
1218 3681 1356 3736 magnam
1374 3665 1482 3719 summi

427 3746 446 3772 “
465 3741 606 3798 Numinis
618 3741 831 3812 providentiam
843 3760 1036 3812 veneremur;
1051 3747 1099 3802 cui
1111 3753 1146 3802 ut
1157 3748 1256 3804 omnia
1268 3747 1401 3818 subjecta
1413 3755 1483 3804 sunt

429 3830 448 3856 “
466 3844 570 3898 regna,
593 3827 637 3883 ita
659 3831 689 3882 et
713 3825 893 3898 sempiterna
912 3828 949 3883 ab
968 3829 1073 3885 incolis
1098 3830 1194 3902 gloria
1218 3831 1342 3888 debetur
1363 3839 1394 3888 et
1414 3833 1481 3896 erit,

429 3915 448 3940 “
467 3910 593 3967 Amen.''
629 3910 701 3966 This
725 3908 833 3983 abrupt
852 3910 992 3967 devotion
1012 3913 1037 3968 is
1059 3919 1111 3970 not
1132 3913 1266 3970 confined
1287 3921 1317 3970 to
1336 3915 1387 3970 the
1409 3921 1479 3971 text.

459 4161 536 4212 ¹Mr.
558 4159 710 4212 Wcodwnrd
738 4157 828 4220 (Geel.
855 4156 928 4222 May.
976 4162 992 4187 ‘⁴
1004 4173 1093 4210 course
1102 4159 1145 4210 the
1153 4160 1254 4210 ancient
1262 4159 1480 4212 authoritiestrre

426 4238 484 4290 Oct
498 4244 571 4300 leco,
583 4255 607 4303 p.
620 4241 693 4303 464);
711 4239 728 4266 “
739 4245 766 4288 at
782 4236 826 4286 the
842 4238 929 4286 south·
977 4241 993 4267 “
1005 4246 1048 4288 not
1059 4240 1179 4289 recorded
1190 4255 1242 4304 any
1252 4241 1315 4291 such
1327 4241 1423 4290 name.¹'

424 4319 441 4343 “
453 4324 551 4365 eastern
569 4331 659 4366 comer
679 4316 710 4365 of
724 4314 773 4364 this
785 4323 888 4379 county,
903 4323 930 4365 at
1009 4316 1021 4348 ²
1037 4315 1153 4367 Bernnm
1163 4319 1223 4368 does
1234 4325 1280 4369 not
1297 4319 1372 4369 know
1383 4317 1441 4370 boor
1453 4327 1480 4369 ιο

425 4396 441 4421 “
453 4393 497 4442 tte
507 4390 596 4441 montli
605 4392 686 4442 osche
697 4391 798 4452 Temar,
808 4394 858 4444 isa
872 4408 929 4457 pro-
977 4410 1082 4459 express
1103 4396 1142 4446 his
1159 4397 1278 4462 meaning
1289 4419 1296 4458 t
1314 4397 1346 4448 he
1366 4399 1479 4450 vendero

425 4475 442 4500 “
454 4471 710 4534 montorynsmedin
720 4473 765 4522 the
783 4489 854 4538 mapa
865 4475 928 4537 pub·
976 4473 1032 4525 that
1054 4474 1097 4525 the
1119 4474 1232 4526 Βοιιιιιιε
1262 4477 1337 4528 make
1359 4477 1479 4530 Scotlsnd

426 4548 536 4599 “lisbed
571 4547 636 4599 ιήιι
665 4547 778 4602 Gamden
812 4550 929 4603 ‘Rame's
976 4553 1135 4620 bethlonger
1152 4556 1202 4606 and
1220 4555 1479 4622 broederthanltng·

425 4633 442 4657 “
454 4633 461 4656 ⁴
474 4627 562 4688 Head,'
584 4626 667 4678 which
686 4630 850 4696 accordingly
866 4631 928 4680 Ber·
977 4633 1043 4682 land.

426 4712 442 4736 ‘⁴
454 4706 593 4758 mmmlls
604 4707 675 4768 Κριοῦ
685 4705 814 4771 adr-rou
831 4709 883 4761 aad
901 4711 933 4762 of
