3567 5800
352 4178 450 4229 Ailred.

352 4246 399 4295 col.
411 4251 468 4295 ³90.

352 4312 435 4371 Liras,
448 4319 495 4360 etc.

352 4394 392 4442 11-
407 4383 462 4440 110,

352 4449 409 4496 429.

497 819 562 889 270
756 834 821 885 111.
846 835 893 883 nn
915 834 1051 885 emmo.
1075 833 1164 885 senc
1187 832 1274 883 msr.

495 1022 585 1103 Quid
606 1027 718 1109 ageret
741 1021 883 1087 miserat
941 1022 1038 1103 Quod
1060 1023 1166 1087 solum
1188 1020 1258 1107 spei
1280 1025 1459 1106 supererat
1482 1018 1543 1083 ubi

495 1125 677 1191 humanum
699 1124 820 1201 deerat,
846 1123 1008 1188 Divinum
1040 1122 1236 1210 precabatur
1259 1122 1430 1199 auxilium,
1453 1121 1546 1207 quasi

497 1227 643 1292 inillam
666 1228 754 1293 iilius
776 1248 870 1313 aeque
891 1227 1019 1293 miserae
1041 1226 1208 1291 mulieris¹
1225 1248 1338 1292 vocem
1360 1246 1545 1311 erumpens:

499 1340 517 1367 “
529 1331 618 1407 Peto,
653 1330 803 1405 Domine,
828 1334 868 1394 ut
902 1330 942 1395 de
973 1329 1106 1394 vinculo
1139 1330 1329 1415 improperii
1363 1329 1463 1393 huius
1492 1328 1550 1392 ab·

498 1433 605 1498 solvas
642 1454 702 1511 me,
741 1437 802 1497 aut
839 1436 926 1497 certe
965 1431 1103 1518 desuper
1147 1436 1271 1496 terram
1312 1429 1434 1517 eripias
1472 1429 1549 1496 me''

500 1536 641 1601 Iubetur
671 1535 808 1600 tandem
840 1534 877 1599 in
908 1534 1032 1599 somnis
1062 1534 1154 1599 adiro
1186 1534 1357 1621 palatium,
1392 1555 1436 1598 ex
1466 1533 1549 1619 regis

500 1638 653 1704 manibus
684 1658 813 1724 sperare
847 1636 1051 1718 remedium
1084 1636 1206 1723 quibus
1235 1638 1264 1701 si
1291 1636 1421 1712 lotasi
1452 1640 1547 1710 taeta

501 1740 530 1807 si
553 1740 685 1827 signata
706 1740 803 1821 foret,
825 1739 984 1825 reciperet
1005 1740 1077 1805 eius
1098 1739 1227 1804 meritis
1252 1740 1438 1805 sanitatem
1484 1737 1550 1801 Ex·

500 1843 688 1931 pergeiacta
717 1840 843 1920 mulier,
875 1864 974 1909 sexus
1007 1843 1106 1907 simul
1137 1847 1172 1907 et
1208 1841 1407 1908 condicionis
1440 1841 1548 1916 oblita,

501 1945 686 2033 prorumpit
716 1946 753 2010 in
786 1946 918 2021 curiam,
945 1945 1033 2032 regis
1055 1967 1090 2011 ss
1111 1950 1330 2032 representat
1361 1944 1539 2020 obtutibus

503 2050 639 2136 exponit
676 2049 852 2126 oraculum,
891 2050 1054 2113 auxilium
1089 2048 1289 2135 deprecatur.
1357 2047 1433 2113 Rex
1470 2070 1546 2113 vcro

502 2154 667 2240 piissimus
690 2152 872 2218 Edwardus
895 2173 1062 2217 moresne
1084 2152 1192 2217 victus
1215 2152 1340 2238 pietate
1361 2174 1422 2217 nec
1444 2150 1550 2216 sordes

504 2258 600 2333 cavit,
635 2278 694 2321 nec
724 2255 871 2321 faetorem
905 2255 1084 2321 exhorruit.
1144 2256 1259 2320 Allata
1289 2255 1434 2341 denique
1467 2276 1547 2341 aqua

505 2366 614 2447 partes
637 2360 779 2445 corporis
803 2380 884 2445 ques
906 2359 1041 2424 morbus
1071 2358 1256 2424 foedaverat
1287 2360 1429 2445 propriis
1452 2358 1550 2423 maui-

505 2463 567 2528 bus
589 2462 681 2541 luvit
698 2462 831 2547 locaque
853 2462 1019 2527 tumentia
1049 2467 1263 2540 contrectans,
1289 2462 1403 2549 digitis
1426 2463 1550 2548 signum

507 2569 627 2631 sanctae
650 2565 752 2629 crucis
775 2565 947 2651 impressit.
1016 2564 1105 2645 Quid
1130 2564 1248 2650 plurat
1314 2564 1436 2630 Subito
1458 2569 1551 2650 rupta

507 2672 581 2733 cute
603 2690 677 2732 cum
703 2668 793 2733 sanie
815 2689 943 2734 vermes
975 2667 1149 2747 ebulliunt,
1173 2667 1296 2733 resedit
1317 2674 1440 2746 tumor,
1465 2667 1550 2732 dolor

509 2772 614 2841 omnis
636 2770 782 2849 abcessit,
807 2771 1048 2836 admirantibus
1071 2772 1130 2856 qui
1160 2771 1300 2836 ederant
1332 2777 1464 2837 tantam
1494 2770 1549 2835 sub

508 2897 652 2963 purpura
673 2874 893 2956 sanctitatem,
909 2880 1038 2940 tantam
1054 2874 1259 2964 sceptrigeris
1281 2875 1434 2942 manibus
1456 2875 1552 2939 inesse

508 2981 675 3044 virtutem.
722 2979 839 3044 Peneis
861 3000 939 3044 vero
962 2979 1078 3044 diebus
1101 2978 1251 3043 subsistit
1273 2979 1393 3042 mulier
1414 2978 1552 3049 incuria

509 3085 608 3170 regiis
639 3083 799 3150 ministris
839 3081 1020 3148 necessaria
1051 3081 1114 3148 sibi
1146 3081 1422 3161 ministrantibus,
1457 3081 1550 3145 donec

510 3188 653 3274 obducta
675 3185 866 3250 vulneribus
899 3185 1048 3251 cicatrice
1081 3185 1253 3254 incolumis
1275 3185 1400 3250 rediret
1422 3185 1466 3250 ad
1487 3203 1552 3270 pro

511 3292 591 3378 pria.
637 3290 761 3354 Verum
783 3294 823 3354 ut
845 3287 929 3352 nihil
952 3289 1077 3354 deesset
1099 3288 1170 3374 regi
1190 3288 1232 3353 ad
1254 3288 1404 3375 gloriam,
1422 3309 1551 3376 pauper-

511 3394 594 3459 culae
638 3392 722 3456 nihil
765 3392 807 3455 ad
850 3391 1005 3478 gratiam,
1052 3392 1193 3457 donatur
1238 3392 1341 3456 sterili
1389 3392 1552 3478 inopina-ts

511 3496 702 3576 fecunditas,
720 3494 909 3580 ventrisque
929 3495 981 3558 sui
1004 3495 1185 3560 desiderato
1207 3494 1316 3560 fructu
1340 3495 1449 3562 ditata
1470 3494 1553 3560 facile

513 3599 575 3665 sibi
599 3598 711 3662 mariti
733 3597 921 3664 conciliavit
942 3597 1103 3667 affectum.

900 3997 978 4066 Osr.
1007 3995 1174 4064 XXVIII.

564 4187 614 4252 De
645 4209 724 4254 coeco
742 4209 806 4274 per
826 4209 956 4274 11111111
978 4210 1048 4274 qua
1069 4209 1197 4255 1111111111
1218 4187 1373 4254 ablueret
1393 4163 1517 4254 11111111.

563 4376 724 4442 1111111111
749 4399 817 4443 esse
842 4399 980 4442 munera
1008 4377 1190 4464 gratiarum
1220 4401 1279 4444 nec
1311 4401 1426 4445 omnes
1455 4377 1557 4445 omnia

518 4485 760 4565 consequentes,
799 4480 988 4545 beatissimo
1033 4479 1137 4545 Paulo
1174 4479 1310 4546 docente
1349 4480 1558 4548 didicimus⁸2

688 4754 695 4782 ¹
713 4751 799 4812 Tobit
810 4749 847 4799 iii.
862 4755 900 4800 15.
1194 4752 1205 4781 ²
1223 4757 1233 4801 I
1249 4751 1308 4803 Gor.
1319 4751 1366 4802 xii.
1378 4758 1402 4802 8.
