3567 5800
417 856 464 904 ns
488 854 604 913 nassis
626 854 748 907 uneuu
769 852 962 907 suen-ru.
980 842 1030 903 18.
1187 838 1252 903 243

210 1038 453 1125 predecessoris
497 1065 556 1111 vos
611 1042 773 1129 optimum
817 1062 1029 1108 successorem
1074 1038 1257 1107 constituit.

212 1140 422 1231 Quapropter
454 1143 579 1212 iustum
603 1144 784 1217 iudicamus
806 1144 895 1231 apud
916 1166 975 1209 vos
997 1142 1156 1209 velutad
1180 1140 1257 1208 soli·

211 1244 289 1313 dam
326 1254 453 1333 petram
483 1270 595 1315 acuere
625 1254 665 1315 et·
692 1248 829 1334 probare
858 1267 970 1317 omnes
1006 1245 1111 1313 bonas
1147 1246 1256 1311 inten-

210 1348 328 1413 tiones·
342 1355 478 1429 nostras,
509 1355 544 1417 et
574 1356 718 1417 vestram
751 1349 906 1415 notitiam
936 1359 1036 1435 aulus
1066 1346 1255 1413 societatem

210 1449 247 1515 in
281 1450 367 1517 bono
398 1452 539 1531 habere;
586 1453 741 1539 quatinus
773 1474 827 1519 eas
859 1452 1050 1519 donationes
1085 1455 1120 1517 et
1153 1449 1255 1537 privi-
1268 1465 1390 1529 Ranae

209 1552 298 1639 legia
321 1576 396 1641 quse
427 1556 631 1643 optinuimus
668 1556 756 1643 apud
792 1554 1061 1642 praedecessorem
1107 1557 1255 1618 vestrum
1267 1531 1398 1649 {¹:23⁶}

210 1657 375 1723 renovetis
412 1663 447 1723 et
479 1658 628 1745 augeatis
654 1658 769 1737 nobis;
812 1657 968 1727 videlieet
1002 1662 1042 1723 ut
1080 1654 1170 1742 quod
1198 1654 1395 1730 illeshepnvr-

210 1756 361 1832 munes
384 1760 479 1827 none
503 1761 565 1827 sun
587 1760 720 1833 nomes
749 1758 944 1828 obedientis
975 1765 1009 1826 es
1041 1731 1425 1864 mencm‚{⁰ffgy?f‘¹¹⁰

210 1868 345 1947 propter
374 1868 491 1929 votum
527 1864 616 1949 qued
645 1884 799 1931 voveram
832 1862 881 1927 ire
913 1862 1061 1940 Romam,
1085 1862 1178 1927 etin
1205 1880 1255 1925 re-

210 1963 397 2033 missionem
442 1966 588 2031 omnium
630 1970 834 2051 peccatorum
879 1986 1027 2031 meorum
1071 1968 1256 2031 construere

210 2066 397 2135 caenobium
420 2067 650 2139 monachorum
674 2067 710 2137 in
724 2067 846 2132 honore
868 2066 1008 2152 apostoli
1029 2066 1129 2146 Petri,
1145 2071 1256 2131 ratum

211 2166 349 2249 fedatis,
395 2174 430 2236 et
478 2168 651 2256 privilegia
696 2169 933 2255 possessionum
972 2174 1008 2237 et
1053 2168 1255 2255 dignitatum

211 2270 357 2337 eiusdem
388 2270 451 2337 loci
485 2270 689 2348 confirmetis,
713 2272 885 2349 renovetis,
913 2277 1014 2357 atque
1035 2271 1192 2356 augeatis,
1223 2275 1257 2335 et

212 2373 248 2439 in
280 2378 472 2461 perpetuum
505 2374 714 2441 inmutabilia
735 2379 822 2443 stare
845 2373 1035 2440 decernatis.
1081 2372 1153 2459 Ego
1175 2394 1258 2457 quo

187 2493 189 2497 ·
212 2496 277 2561 quc
299 2499 358 2561 pro
380 2476 513 2542 modulo
535 2498 607 2543 meo
630 2497 733 2565 augeo
756 2480 790 2541 et
812 2476 970 2543 confirmo
999 2476 1192 2541 donationes
1224 2480 1259 2539 et

211 2578 464 2645 consuetudines
485 2579 697 2666 pecuniarum
727 2600 807 2665 quas
844 2578 946 2645 habet
975 2584 1108 2645 sanctus
1140 2576 1258 2643 Petrus

211 2681 248 2747 in
281 2679 411 2767 Anglia‚
446 2685 481 2747 et
514 2682 601 2768 ipsas
631 2682 784 2768 pecunias
817 2680 969 2747 collectas
998 2703 1073 2748 oum
1093 2679 1258 2767 regalibus

212 2782 308 2849 donis
323 2784 421 2849 mitto
443 2784 549 2861 uobis,
571 2789 610 2849 ut
636 2784 736 2869 oretis
765 2805 826 2870 pro
847 2806 902 2849 me
928 2787 1043 2869 cipro
1065 2804 1143 2869 paee
1164 2781 1258 2867 regni

211 2886 286 2963 mei,
323 2889 356 2950 et
390 2885 578 2954 continuam
623 2909 661 2952 ac
693 2886 882 2954 sollemnem
910 2886 1104 2954 memoriam
1142 2884 1258 2951 heberi

211 2988 396 3057 instituatis
426 2988 530 3054 totius
563 2990 670 3075 gentis
701 2989 884 3075 Anglorum
923 3011 1032 3056 coram
1068 2989 1259 3075 corporibus

212 3097 402 3158 sanctorum
426 3090 654 3177 apostolorum.
700 3091 836 3160 valete?

258 3193 352 3263 “His
376 3193 480 3280 igitur
500 3193 605 3261 literis
627 3216 648 3258 a
669 3215 796 3260 summo
818 3195 972 3280 pontifice
994 3192 1159 3280 nisosptis,
1183 3213 1258 3258 eum

211 3297 351 3362 feliciter
383 3296 426 3362 ad
458 3303 578 3364 votum
609 3317 704 3364 suum
741 3297 892 3362 omnibus
928 3296 1069 3383 peractis
1099 3316 1120 3359 a
1153 3295 1259 3360 Roma

211 3401 368 3480 redirent,
414 3385 603 3466 consulente
650 3403 764 3466 saneta
810 3399 936 3485 synodo
976 3397 1200 3464 transmissam
1238 3419 1259 3462 a

212 3501 345 3570 domino
366 3524 452 3590 papa
474 3501 556 3568 mihi
579 3501 768 3568 detulerunt
791 3501 981 3588 epistolam:

259 3603 459 3672 ‘Nioholaus
489 3604 656 3691 episeopus
678 3625 790 3670 servus
819 3625 988 3672 serverum
1010 3603 1075 3669 Dei
1096 3599 1258 3690 gloriosis·
1269 3612 1425 3677 steropen

211 3709 294 3774 simo
331 3729 370 3772 ae
406 3707 551 3794 piissimo
592 3707 745 3794 omnique
782 3707 904 3774 honore
941 3706 1140 3794 dignissimo
1163 3680 1358 3809 spiri-255¹&¹

212 3811 295 3876 tuali
334 3830 463 3896 quoque
503 3809 574 3877 filio
610 3814 730 3890 nostro,
769 3811 933 3876 Eduardo
968 3812 1151 3898 Anglorum
1187 3797 1381 3897 regicolss’s.

212 3914 436 3982 visitationem
467 3911 694 3990 omnimodam,
718 3912 857 3978 salutem
882 3913 1082 3995 mellifluam,
1105 3919 1140 3980 et
1161 3916 1258 3981 bens·

213 4017 392 4088 dictionem
434 4015 652 4103 apostolicam
714 4015 943 4101 Omnipotenti
980 4017 1051 4082 Deo
1088 4018 1258 4083 referimus

212 4125 329 4206 gretes,
368 4119 426 4205 qui
462 4123 606 4187 vestrm
643 4119 932 4206 prudentissimam
965 4119 1192 4192 excellentiam
1223 4121 1260 4191 in

213 4221 364 4288 omnibus
401 4221 532 4288 ornavit
570 4244 608 4286 se
644 4221 810 4288 decoravit
848 4243 926 4308 erga
956 4221 1092 4289 beatum
1124 4223 1260 4288 Petrum

213 4325 435 4411 apostolerum
456 4324 636 4413 prinoipem
659 4330 693 4390 et
713 4325 881 4392 nobiseum
900 4324 1020 4392 habere
1041 4325 1258 4404 dilectionem,

213 4433 247 4494 ct
268 4427 306 4494 in
328 4425 479 4500 omnibus
505 4426 690 4514 apostolicis
720 4429 901 4498 consentire
932 4430 1081 4498 censuris
1129 4428 1258 4494 Literna

211 4531 316 4617 igitur
351 4535 471 4599 vestrm
515 4529 683 4596 nobilitati
726 4532 991 4608 transmittimus,
1031 4537 1067 4599 et
1103 4553 1163 4618 per
1207 4553 1261 4596 eas

213 4633 405 4699 societatem
435 4639 623 4698 sanctorum
656 4634 878 4718 apostolorum
910 4641 945 4700 et
978 4640 1126 4705 nostram
1166 4635 1261 4701 vobis

214 4735 341 4812 damus,
375 4741 505 4801 orantes
538 4735 791 4802 misericordiam
822 4737 918 4802 Illius
947 4739 1004 4823 qui
1026 4743 1077 4804 est
1099 4737 1262 4804 Dominus

215 4839 363 4910 omniurn
394 4845 429 4906 et
459 4839 532 4906 Rex
561 4859 658 4925 super
687 4839 797 4904 omnia
826 4839 922 4918 solus,
952 4847 992 4907 ut
1014 4842 1083 4926 ipse
1108 4863 1167 4906 vos
1189 4863 1262 4926 par-

1062 4947 1129 5019 ot
