3567 5800
481 830 546 901 272
740 850 804 899 n1c.
830 850 876 899 ns
899 850 1033 900 cmnnc.
1057 850 1149 901 seno.
1174 851 1260 899 nrsr.

480 1035 637 1101 ablueret.
686 1036 830 1123 Recepta
852 1036 889 1101 in
911 1037 1000 1123 pelvi
1022 1059 1108 1122 aqua
1130 1058 1205 1101 cunr
1227 1058 1288 1101 rex
1310 1036 1412 1101 sacris
1430 1036 1532 1101 inier-

481 1143 566 1202 esset
592 1138 778 1215 sollemniis,
804 1139 929 1204 citatur
954 1162 975 1204 a
1001 1139 1164 1205 ministris
1183 1161 1296 1205 oaeeus
1342 1138 1535 1204 Infundunt

480 1262 598 1325 aquam
616 1240 770 1307 orbiculis
794 1242 970 1319 oculorum,
991 1242 1108 1307 lavant
1129 1242 1253 1320 faciem,
1277 1247 1313 1307 et
1333 1264 1394 1329 per
1416 1242 1536 1307 merita

480 1342 585 1407 sancti
601 1344 688 1431 regis
701 1342 858 1409 Edwardi
871 1344 1031 1410 Divinam
1046 1349 1222 1431 precantur
1236 1346 1349 1411 adesse
1363 1345 1534 1410 virtutem.

482 1444 569 1509 Mira
590 1444 660 1512 resi
706 1446 808 1527 Quasi
829 1468 918 1513 nova
937 1447 1033 1513 nobis
1054 1446 1172 1532 Syloes
1193 1446 1234 1511 de
1256 1446 1357 1533 regiis
1379 1446 1535 1519 manibus

479 1548 697 1633 profluxisset,
721 1550 873 1614 reseratis
896 1549 1062 1637 palpebris
1089 1548 1203 1615 haurit
1225 1549 1340 1625 lucem,
1361 1548 1461 1614 etad
1483 1548 1535 1612 in-

479 1656 609 1716 suetum
630 1650 707 1715 solis
722 1652 927 1738 splendorem
946 1651 1150 1739 stupefactus
1173 1652 1393 1738 circumspicit
1413 1651 1535 1728 omnin,

480 1757 514 1816 et
545 1752 705 1819 mundum
737 1754 800 1818 sibi
821 1754 925 1840 ¹quasi
952 1754 994 1820 de
1024 1775 1111 1819 novo
1136 1754 1305 1818 redditum
1334 1752 1535 1841 gratulatur.

481 1854 677 1942 Magnitudo
701 1856 829 1922 laetitise
851 1857 1004 1922 lacrimas
1026 1856 1179 1934 excutit;
1209 1856 1246 1921 in
1268 1878 1323 1921 ore
1349 1854 1535 1921 astantium

479 1959 661 2043 gratiarum
692 1960 777 2024 actio
816 1964 851 2025 et
881 1981 950 2025 vox
987 1958 1094 2024 laudis
1123 1958 1281 2025 insonuit.
1337 1958 1537 2045 Ingreditur

480 2061 659 2127 oratorium
688 2061 808 2127 homo¹
832 2068 969 2127 acturus
1001 2062 1073 2127 Deo
1109 2061 1247 2149 gratias,
1276 2067 1311 2127 et
1348 2083 1424 2126 cum
1460 2059 1538 2124 aliis

480 2160 613 2227 Divinis
651 2164 783 2229 astabat
828 2164 1000 2250 obsequiis.
1060 2163 1247 2230 Videbatur
1283 2185 1343 2229 nec
1377 2183 1536 2249 agnosce·

480 2264 601 2345 batur;
624 2270 659 2330 et
681 2266 755 2331 aliis
777 2266 964 2332 dicentibus
986 2267 1065 2352 quia
1089 2266 1193 2353 “Ipse
1219 2264 1299 2343 est,”
1320 2266 1387 2342 alii,
1414 2264 1534 2342 “Non,

479 2368 537 2432 sed
563 2368 680 2433 similis
709 2369 779 2434 eius
810 2370 889 2449 est‚''
915 2370 985 2456 ipse
1015 2368 1160 2435 affirmat
1190 2392 1224 2434 se
1255 2390 1324 2434 asse
1354 2368 1445 2453 quod
1475 2376 1536 2432 est

481 2469 637 2535 Intuetur
681 2472 766 2536 alter
816 2470 988 2549 alterum,²
1033 2472 1118 2537 alter
1162 2471 1304 2537 altenrm
1348 2471 1534 2547 convenit;

480 2594 568 2645 cum¹
598 2573 664 2638 illis
702 2574 791 2639 inter·
835 2597 870 2640 se
915 2574 1171 2640 mussitantibus
1214 2575 1314 2639 missa
1357 2572 1536 2649 clauditur,

479 2698 688 2762 egressusque
718 2678 900 2743 oratorium
930 2700 991 2743 rex
1028 2678 1071 2743 ab
1109 2677 1217 2743 obviis
1252 2675 1416 2742 ministris
1446 2676 1537 2741 exci-

478 2780 576 2865 pitur.
623 2779 750 2847 Audito
781 2781 939 2846 miraculo
971 2785 1140 2866 retorquet
1169 2780 1213 2844 ad
1243 2780 1413 2845 ecclesiam
1443 2800 1536 2865 gres-

479 2907 559 2961 sum,
591 2890 771 2971 vocatoque
801 2884 844 2950 ad
882 2908 917 2951 se
947 2885 1029 2964 viro,
1066 2892 1083 2919 “
1093 2883 1220 2950 Verane
1252 2882 1375 2964 vides,”
1410 2882 1534 2969 inquit,

479 2997 525 3052 “o
552 2989 649 3054 homo
662 2987 698 3054 2’'
744 2989 939 3076 Respondit,
963 2987 1089 3064 “Vore,
1113 2987 1161 3051 mi
1192 2987 1323 3052 domine
1352 2984 1444 3051 rex.''
1489 2985 1537 3049 Et

479 3090 589 3176 quid,''
626 3091 746 3178 inquit,
782 3101 800 3126 “
816 3114 868 3157 me
898 3091 993 3156 vides
1030 3091 1136 3156 facere
1152 3087 1190 3154 ³'’
1231 3089 1436 3176 Respondit
1468 3088 1534 3165 ille,

481 3195 673 3259 “Dilectam
706 3193 789 3258 mihi
816 3215 954 3258 manum
983 3197 1075 3258 tuam
1108 3192 1269 3272 extendis,
1297 3192 1429 3257 domine
1462 3191 1537 3255 mi.'’

481 3297 543 3363 Oui
571 3297 634 3374 ille,
661 3297 736 3362 “Et
763 3296 861 3362 modo
888 3295 1014 3382 quidl''
1067 3294 1114 3360 Et
1138 3317 1263 3381 pauper
1287 3295 1330 3359 ad
1354 3317 1440 3374 enm,
1475 3293 1537 3358 “A

480 3398 617 3476 rnedio,”
650 3399 767 3484 inquit,
805 3397 946 3485 “digito
978 3398 1119 3463 indicem
1151 3398 1304 3463 dividens
1338 3395 1538 3462 minitaria”

480 3511 498 3536 “
514 3501 586 3566 lam
611 3523 700 3566 nunc
730 3502 830 3566 tertio
860 3501 1049 3587 responde,''
1075 3501 1193 3586 inquit,
1227 3507 1246 3536 “
1262 3507 1296 3566 et
1326 3500 1407 3587 quid
1436 3521 1536 3586 agam

479 3602 627 3669 edicito.'’
667 3603 730 3668 Cui
752 3603 815 3680 ille,
840 3603 1013 3668 “Barbam
1042 3625 1144 3668 manu
1170 3601 1423 3690 complecteria’'
1461 3601 1536 3666 Rex

477 3710 557 3771 tuno
588 3712 721 3770 sanctus
757 3727 972 3794 prorumpens
1009 3706 1046 3770 in
1079 3704 1229 3770 lacrimas
1268 3711 1347 3770 ante
1380 3711 1534 3770 sanctum

477 3809 581 3873 altare
623 3808 786 3888 decubuit,
821 3808 944 3895 gratias
980 3830 1089 3894 agens,
1125 3807 1272 3893 dansque
1304 3806 1378 3872 Deo
1410 3813 1532 3883 totum,

477 3911 562 3976 nihil
584 3912 657 3988 sibi,
686 3910 769 3977 illud
795 3911 989 3976 Daviticum
1016 3911 1264 3997 proclamabat,³
1293 3909 1403 3975 “Non
1425 3911 1531 3985 nobis,

478 4013 628 4094 Domine,
652 4013 749 4100 [non]
772 4014 876 4093 nobis,
901 4014 958 4078 sed
980 4014 1108 4078 nomini
1132 4014 1203 4078 Tuo
1227 4013 1272 4078 da
1293 4011 1467 4100 gloriam.''

482 4247 532 4253 ψ-
548 4246 657 4253 ...ω-...-
674 4247 684 4251 .-
709 4247 714 4251 -
726 4244 1074 4252 .-......-.--——-—--—-—--
1091 4244 1323 4252 --··-—--------·—·—-
1339 4245 1371 4251 --
1387 4245 1415 4251 -.
1445 4245 1450 4249 .

515 4384 668 4434 Ιοναωνίιιηι
707 4379 787 4446 bno]
841 4380 978 4431 oratorium
1062 4377 1205 4444 'alinum
1224 4379 1381 4439 alterutrum,
1393 4377 1449 4430 MS.

477 4465 553 4514 homo
565 4462 709 4520 oratorium,
721 4461 777 4510 MS.
1062 4461 1072 4489 ⁸
1088 4460 1132 4509 Ps.
1143 4459 1214 4508 cxiii.
1230 4465 1250 4509 l.
