3567 5800
475 864 518 925 28
733 879 800 928 mc.
822 879 870 927 DE
891 878 1026 930 classo,
1048 878 1138 929 SPEC.
1159 878 1247 930 mss.

273 1096 277 1103 ·
473 1084 558 1149 pepe
594 1062 632 1128 in
666 1086 776 1152 regem
810 1065 982 1145 coronari3
1027 1070 1062 1131 et
1103 1070 1177 1153 post
1210 1086 1329 1153 paucos
1366 1066 1434 1130 dias
1469 1066 1512 1131 ad

304 1122 614 1253 {ii‘gffipuriam
642 1166 811 1233 rediebat?
865 1168 912 1235 Et
932 1172 1065 1234 tantum
1096 1168 1136 1234 de
1162 1168 1231 1233 eius
1254 1168 1360 1254 prima
1381 1189 1515 1233 corona·

303 1256 410 1375 {5}th
473 1267 571 1333 tione.
632 1267 685 1335 De
706 1270 850 1337 secunda
878 1272 1087 1337 coronatione
1116 1270 1260 1337 eiusdem
1291 1268 1420 1337 ulfredi
1445 1269 1513 1335 sive

304 1405 329 1453 p.
341 1396 399 1441 aaa.
473 1369 613 1437 Aluredi
643 1374 764 1439 eaedem
798 1372 945 1441 historiae
974 1378 1186 1453 attestantur,
1214 1373 1302 1462 quod
1331 1395 1418 1439 anno
1448 1372 1513 1437 Dc-

305 1457 441 1510 fflffi
470 1473 553 1537 mini
590 1476 860 1563 octingentesimo
897 1479 1135 1567 septuagesimo
1167 1477 1285 1564 primo,
1322 1498 1396 1542 cum
1433 1482 1515 1540 ‘rex

471 1575 730 1643 Occidentalium
753 1580 923 1645 Saxonum
945 1580 1148 1659 Ethelredus,
1165 1580 1267 1646 frater
1289 1578 1370 1645 dicti
1386 1577 1513 1643 Alfiedi

304 1669 367 1734 AP‘·
381 1675 420 1721 ²³·
469 1682 540 1747 sivo
569 1682 715 1765 Aluredi,
745 1706 833 1751 nono
862 1685 1021 1751 kalendas
1052 1686 1133 1751 Maii
1159 1685 1246 1752 diem
1270 1684 1438 1750 clausisset
1458 1705 1514 1748 ex-

470 1794 633 1868 tremum3
670 1809 736 1875 quo
764 1788 856 1877 regio
885 1810 976 1855 mora
1006 1788 1094 1876 apud
1124 1788 1347 1855 Winburnam
1377 1786 1513 1874 sepulto,

471 1888 626 1958 Aiiredus
650 1892 721 1958 sive
750 1892 915 1959 Aluredus
946 1894 1047 1960 frater
1076 1894 1154 1973 eius,
1186 1894 1243 1980 qui
1273 1893 1364 1981 prius
1402 1892 1514 1957 Rornae

469 2016 491 2058 a
518 2017 605 2083 papa
635 1996 745 2061 Leone
773 1998 891 2083 quinto
928 2016 1077 2063 coronam
1108 2001 1294 2084 susceperat
1329 2000 1365 2061 ct
1391 1995 1514 2082 regiam

469 2099 666 2178 unctionem,
696 2098 801 2165 totius
837 2098 930 2186 regni
967 2099 1056 2164 illius
1093 2120 1167 2165 cum
1204 2120 1332 2164 summa
1368 2097 1513 2163 omnium

470 2200 651 2265 accolarum
679 2200 799 2267 laetitia
827 2201 970 2287 suscepit
1006 2200 1245 2289 gubernacula?
1298 2200 1345 2265 Et
1381 2204 1515 2265 tantum

303 2336 393 2388 AM
472 2300 512 2366 de
535 2302 604 2367 eius
626 2305 769 2369 secunda
790 2305 1006 2370 coronatione.
1052 2304 1117 2371 Sed
1141 2304 1183 2371 de
1206 2304 1276 2370 eius
1298 2304 1404 2391 prima
1427 2324 1516 2369 coro-

303 2404 431 2519 ἑωυεὶῐ,
471 2404 606 2471 natione
643 2406 750 2472 oritur
779 2406 956 2493 probabilis
1002 2407 1112 2494 opinio
1157 2412 1192 2472 et
1231 2404 1386 2493 vulgaris,
1428 2405 1516 2491 quod

303 2472 450 2587 &pogna
471 2512 643 2594 postquam
666 2509 730 2575 iste
756 2507 911 2576 Aliredus
934 2508 1002 2575 sive
1025 2509 1190 2576 Aluredus
1213 2533 1234 2574 a
1253 2530 1339 2597 papa
1364 2530 1514 2574 coronam

303 2603 393 2656 RQ·
471 2617 656 2698 susceperat
685 2618 720 2678 et
759 2613 882 2700 regiam
922 2613 1118 2691 unctionem,
1149 2612 1205 2678 illa
1233 2612 1365 2699 regalia,
1397 2612 1515 2698 quibus

471 2720 643 2779 coronatus
666 2714 774 2781 fuerat
799 2720 834 2781 et
857 2715 1046 2803 insignitus,
1072 2738 1170 2803 penes
1196 2736 1230 2781 se
1254 2715 1402 2797 retinuit,
1418 2722 1454 2781 et
1476 2737 1515 2781 aa

469 2815 506 2880 in
531 2838 590 2882 suo
613 2816 724 2883 reditu
749 2817 893 2883 adduxit
919 2819 963 2884 ad
982 2818 1149 2907 Angliam.
1195 2818 1277 2899 Quae
1297 2817 1422 2908 regalia
1440 2818 1514 2884 reli-

467 2919 541 3005 quit
561 2921 696 3007 regibus
722 2921 979 3004 succedentibus,
995 2927 1035 2987 ut
1057 2922 1103 2988 sic
1131 2921 1238 3008 prima
1267 2921 1391 3010 regalia
1420 2923 1513 3008 regni

467 3022 599 3110 Angliae
623 3025 871 3120 nominarentur
895 3030 930 3091 et
953 3030 1069 3108 essent.
1129 3025 1256 3092 Contra
1280 3025 1379 3092 istam
1401 3029 1513 3090 tamen

468 3125 651 3213 opinionem
684 3128 758 3194 duae
796 3133 933 3215 possunt
959 3127 1127 3194 instantiae
1167 3128 1345 3210 fabricari;
1391 3128 1513 3214 quibus

301 3229 585 3318 runceja-solutis
614 3230 778 3317 praedictae
807 3230 972 3317 opinionis
1001 3231 1123 3296 veritas
1153 3231 1320 3317 patentius
1350 3231 1514 3297 elucescet.

300 3315 438 3437 ffiffi
469 3330 580 3398 Prima
608 3332 771 3400 instantia
799 3334 922 3421 poterit
957 3331 1003 3400 sic
1032 3333 1172 3400 formari.
1243 3333 1319 3400 Non
1350 3339 1401 3399 est
1429 3335 1515 3400 veri.

300 3442 403 3494 renea
467 3435 575 3501 simile
604 3435 663 3501 illa
691 3436 815 3524 regalia
844 3436 972 3502 Alsredi
1004 3437 1075 3504 sivo
1104 3436 1242 3503 Aluredi
1271 3437 1370 3502 firissc
1407 3438 1514 3524 prima

466 3539 590 3624 regalia
615 3538 720 3610 totius
745 3539 839 3627 regni
861 3539 1002 3627 Angliae,
1030 3561 1133 3627 quum
1154 3539 1309 3606 Alfredus
1337 3541 1407 3606 sive
1431 3541 1512 3606 Alu-

465 3640 562 3705 redus
591 3661 659 3706 non
688 3641 753 3708 fuit
782 3642 959 3709 monarcha
987 3641 1127 3730 Angliae,
1153 3643 1267 3724 immo,
1293 3645 1381 3731 quod
1407 3644 1512 3731 pluris

465 3747 526 3824 est,
555 3765 658 3829 quum
687 3766 755 3810 non
778 3744 849 3832 ipse
873 3746 940 3812 fuit
969 3747 1099 3833 roguius
1121 3746 1157 3811 in
1182 3746 1325 3834 Anglia:
1366 3747 1423 3812 sed
1451 3769 1512 3813 nec

449 3851 611 3933 ‘tempore
651 3847 872 3914 coronationis
911 3871 986 3930 suae,
1017 3869 1077 3915 nec
1114 3849 1171 3915 diu
1201 3855 1323 3937 postea,
1354 3849 1420 3916 fuit
1448 3852 1512 3918 istc

465 3949 620 4017 alfredus
642 3950 713 4016 sive
739 3951 904 4017 Alurcdus
929 3951 1104 4018 monarcho
1128 3957 1189 4018 aut
1214 3953 1346 4041 regulus
1371 3955 1512 4042 Angliae,

299 4057 453 4138 morconis·
464 4059 503 4119 ut
532 4058 626 4141 patet
647 4076 692 4121 ex
729 4053 896 4136 chronicis,
928 4055 1007 4142 quia
1047 4058 1223 4122 secundum
1256 4057 1368 4124 Flores
1398 4057 1512 4124 Histo-

299 4133 424 4179 mm·
464 4157 588 4223 riarum
614 4157 772 4223 Aifredus
795 4157 864 4223 sive
888 4156 1054 4224 Alurcdus
1080 4165 1252 4225 coronatus
1282 4158 1348 4226 fuit
1377 4161 1511 4227 vivente

463 4265 557 4348 patre
585 4281 645 4327 suo
676 4266 712 4328 et
744 4261 843 4328 etiam
883 4260 1074 4328 viventibus
1112 4262 1219 4328 tribus
1255 4261 1414 4330 fratribus
1442 4265 1510 4330 suis

465 4364 645 4430 senioribus
682 4386 717 4430 se
754 4363 812 4450 qui
840 4371 916 4452 post
952 4371 1080 4452 patrem
1117 4365 1261 4452 ipsorum
1291 4370 1370 4432 ante
1402 4367 1509 4454 ipsum

465 4467 636 4532 Alfiedurn
650 4467 720 4533 sive
742 4465 924 4533 Aluredum
947 4467 983 4533 in
1006 4467 1129 4555 Anglia
1148 4475 1375 4557 regnaverunt.
1421 4469 1511 4536 Nam
1547 4517 1550 4526 ·

299 4571 454 4650 Ropwm.
467 4568 716 4656 AEthelwlphus‚
744 4575 753 4606 ‘
763 4570 854 4634 viam
876 4568 1039 4637 universae
1064 4571 1169 4636 carnis
1183 4573 1356 4658 ingressus,
1372 4594 1511 4660 regnum

298 4657 398 4768 {43⁴⁵
468 4670 597 4737 Cantiae
627 4693 701 4737 cum
741 4669 885 4739 Suthsex
909 4677 945 4738 et
974 4674 1111 4740 Estsexe
1142 4673 1337 4741 Ethelborto
1366 4675 1511 4742 filiorum

297 4775 403 4920 pgppr
465 4773 610 4840 secundo
635 4776 813 4852 concessit3
845 4781 879 4841 et
902 4775 991 4842 filius
1026 4777 1096 4842 eius
1134 4777 1373 4865 primogenitus
1396 4777 1513 4845 Ethel-
