3567 5800
430 895 478 946 na
500 893 616 944 casus
638 895 761 946 arcun
783 893 987 946 auca-411.
1012 883 1062 945 21.
1246 879 1290 950 97

236 1106 304 1150 carn
337 1085 452 1166 vitam
487 1085 521 1150 id
554 1090 604 1150 cst
636 1084 862 1151 monachicum
893 1085 1050 1162 ordinem,
1086 1107 1144 1172 per
1175 1105 1288 1151 omncs

235 1188 327 1275 regni
349 1189 415 1252 mei
437 1188 622 1274 provincias
643 1189 793 1254 fimditns
816 1189 986 1275 deperisse,
1005 1189 1153 1276 graviter
1175 1187 1287 1253 dolens

235 1297 268 1356 et
305 1291 477 1355 consilium
515 1313 536 1354 a
573 1290 702 1378 Spiritu
741 1290 863 1356 Sancto
901 1292 1071 1378 accipiens,
1110 1290 1285 1356 Dunstano
1298 1298 1415 1351 Dunstau

233 1393 472 1480 archiepiscopo
494 1391 759 1459 et'Ethelvvoldc
783 1393 1015 1478 Wyntoniensi
1046 1395 1194 1481 episcopo
1225 1367 1447 1458 hoc⁸¹¹dEt¹²⁰l

1298 1432 1364 1482 wold
1376 1447 1443 1482 com-

233 1497 405 1583 negctium
427 1495 544 1576 indixi,
568 1500 607 1560 ut
633 1497 745 1561 omnia
766 1498 973 1573 monasteria,
998 1519 1073 1582 quac
1103 1499 1190 1562 inter
1219 1501 1283 1561 ter·
1298 1499 1434 1550 missiones

233 1600 363 1663 minum
394 1598 497 1663 totius
520 1597 650 1684 Angliae
681 1599 746 1664 sita
779 1604 858 1664 sunt
891 1622 991 1688 supra
1018 1599 1072 1664 vel
1106 1599 1200 1679 infra,
1224 1573 1429 1684 cir-{goffffsim

234 1703 363 1766 cuircnt
393 1722 432 1765 ac
468 1700 713 1782 reaedificarent,
737 1703 964 1788 possessiones,
987 1724 1061 1786 quae
1095 1702 1140 1767 ad
1170 1701 1286 1766 fiscum
1298 1701 1380 1751 terres.

234 1804 375 1870 redactae
397 1809 491 1869 erant
525 1804 566 1869 de
588 1803 667 1889 ipsis
689 1804 905 1880 monasteriis,
930 1804 984 1870 vel
1015 1804 1058 1869 ab
1092 1804 1165 1868 aliis
1187 1825 1287 1870 saecu·

235 1906 360 1971 laribus
404 1905 625 1992 potestatibus
666 1929 821 1993 pervasae,
860 1907 1049 1992 ubicunque
1094 1907 1194 1972 cartis
1232 1907 1287 1972 vel

235 2008 433 2074 testimoniis
470 2015 743 2094 recognoscerent,
782 2032 856 2076 mea
893 2010 1090 2076 auctoritate
1129 2010 1206 2075 freti
1243 2009 1287 2073 ad

234 2114 401 2198 integrum
446 2112 666 2177 restituerent.
736 2111 781 2177 Et
826 2119 986 2197 tanquam
1031 2112 1159 2178 dicente
1204 2111 1288 2177 milri

235 2215 390 2292 Domino,
439 2213 507 2278 “A
551 2214 657 2299 capite
701 2213 837 2300 incipe,’'
875 2215 912 2278 in
957 2214 1072 2301 primis
1120 2215 1287 2280 ecclesiam

235 2317 361 2382 domini
398 2315 546 2402 specialis
581 2317 713 2402 patroni
750 2338 788 2383 ac
824 2319 1018 2402 protectoris
1055 2319 1159 2383 nostri
1196 2317 1287 2382 beati
1300 2321 1435 2372 wesmin-

236 2419 338 2496 rear,
371 2440 446 2505 quae
479 2419 544 2482 sia
577 2425 628 2483 aa
660 2419 696 2482 in
731 2419 803 2485 1000
834 2420 975 2485 terribili
1010 2421 1068 2506 qur
1101 2420 1143 2485 ab
1173 2420 1287 2486 neom
1300 2390 1454 2520 afflig}

236 2521 409 2605 Thorneye
431 2526 647 2606 nuncupatur,
672 2520 716 2584 ab
745 2521 912 2586 occidente
934 2521 1057 2586 scilicet
1086 2521 1177 2586 urbis
1201 2521 1287 2586 Lon·
1301 2523 1396 2582 Senes,

237 2624 419 2704 doniarum,
453 2644 527 2708 quae
558 2623 646 2699 olim,
682 2622 718 2688 id
750 2627 801 2687 cst
833 2622 1016 2689 Dominicae
1054 2609 1288 2690 incarnationis
1301 2589 1369 2640 AJ).
1382 2594 1438 2640 ‘³⁰⁴'

236 2748 323 2791 anno
360 2725 597 2790 sexcentesimo
636 2729 764 2809 quarto,
802 2724 892 2790 beati
933 2725 1120 2792 Adelbribti
1154 2725 1289 2792 hortatu

236 2828 335 2915 primi
365 2827 550 2914 Anglorum
581 2827 667 2913 regis
690 2826 880 2908 Christiani,
906 2828 1072 2894 destructo
1105 2829 1196 2915 prius
1227 2827 1290 2892 ibi-

238 2932 312 2995 dem
335 2930 590 2995 abominationis
612 2929 736 3017 templo
750 2950 866 3016 regum
888 2952 1098 3017 paganorum,
1117 2954 1137 2996 a
1153 2931 1291 2997 Sebsrto

238 3034 411 3119 praedivite
449 3031 616 3117 quondam
660 3032 833 3118 subregulo
879 3032 1133 3112 Londoniarum,
1173 3038 1292 3120 nepote

238 3136 392 3201 videlicet
423 3134 526 3221 ipsius
557 3134 652 3220 regis,
676 3139 864 3201 constructa
893 3138 951 3212 est,
976 3138 1010 3199 et
1043 3156 1110 3201 non
1142 3136 1185 3201 ab
1216 3137 1290 3213 alio,

237 3240 295 3304 sed
317 3238 361 3303 ab
384 3238 455 3323 ipso
477 3242 590 3302 sancto
605 3235 706 3301 Petro
723 3236 944 3324 apostolorum
968 3238 1113 3323 principe
1137 3238 1173 3302 in
1196 3259 1292 3301 suum

240 3342 341 3427 ipsius
371 3340 541 3427 proprium
570 3338 725 3404 bonorem
754 3340 914 3419 dedicata,
939 3340 1056 3405 dehinc
1087 3340 1129 3404 ab
1153 3339 1229 3405 Oila
1259 3346 1293 3404 ct

239 3442 385 3510 Kenulfo
417 3442 549 3528 regibus
583 3441 799 3506 celeberrimis
837 3442 1076 3528 possessionum
1109 3442 1292 3529 privilegiis

238 3552 274 3611 et
303 3545 406 3611 variis
438 3547 704 3609 ornamentomm
741 3543 910 3631 speciebus
943 3544 1157 3610 vehementer
1185 3544 1294 3613 fuerat

239 3651 368 3728 ‹litata3
392 3647 484 3712 etin
507 3668 573 3732 qua
594 3646 687 3711 sedes
708 3648 801 3733 regia
830 3652 864 3711 ct
893 3647 983 3713 locus
1005 3648 1106 3714 etiarn
1130 3668 1295 3729 consecra·

239 3752 341 3816 tionis
363 3771 478 3837 regum
499 3748 687 3834 antiquitus
709 3752 802 3815 erat:
835 3749 920 3814 hanc
942 3752 1084 3837 praecepi
1106 3756 1146 3816 ut
1169 3752 1295 3816 studio·

239 3854 307 3919 sius
343 3852 567 3931 restituerent,
600 3856 635 3916 et
671 3872 785 3916 ornnes
822 3852 1038 3937 possessiones
1073 3852 1143 3919 eius
1176 3853 1293 3917 readu-

241 3962 366 4021 narcnt
402 3954 447 4019 Et
469 3955 538 4040 ipse
561 3954 602 4019 de
617 3954 698 4019 mais
721 3953 930 4019 dominicatis
953 3955 1051 4019 terris
1066 3953 1291 4040 aliquantum¹

242 4058 364 4135 addidi,
390 4063 425 4122 et
455 4056 556 4121 camis
587 4061 686 4142 atque
718 4055 878 4142 legitimis
908 4056 1048 4123 testibus
1078 4054 1293 4123 corroboravi.

243 4159 371 4226 Deinde
390 4159 582 4225 succedente
604 4163 753 4245 tempore
775 4159 912 4223 consilio
935 4159 1049 4225 habito
1072 4159 1162 4224 intra
1183 4158 1295 4223 basili-

242 4286 313 4329 cam
344 4263 459 4349 ipsam,
482 4261 680 4347 praesidente
702 4284 754 4325 mc
781 4283 854 4327 cum
886 4262 955 4327 filio
978 4283 1051 4326 meo
1074 4261 1238 4327 Eduardo
1261 4267 1295 4327 et

242 4366 354 4431 eodem
385 4363 623 4449 archiepiscopo
652 4363 834 4428 venerabili
859 4364 1037 4429 Dunstanc
1068 4369 1101 4428 et
1132 4364 1295 4429 universis

244 4467 402 4554 episcopis
446 4472 482 4531 et
535 4464 715 4531 baronibus
764 4464 854 4543 meis,
901 4472 1059 4552 sequutus
1109 4466 1296 4552 exemplum

245 4571 404 4635 maiorum
442 4589 589 4632 meorum
633 4568 799 4647 renovavi,
838 4569 962 4644 addidi,
1006 4574 1041 4634 et
1086 4568 1296 4634 corroboravi

243 4677 351 4738 cartas
383 4676 417 4736 ct
454 4669 631 4757 privilegia
664 4669 809 4735 eiusdem
841 4672 914 4752 loci,
945 4676 979 4735 ct
1010 4671 1053 4735 ad
1086 4671 1297 4758 apostolicam

1008 4823 1066 4831 —-

579 4898 585 4925 ¹
598 4892 763 4961 aliquantam]
777 4893 907 4960 aliquanti,
920 4892 976 4945 MS.

342 4979 417 5029 VOL
432 4979 467 5029 ΙΙ.
1186 4979 1208 5026 d
