3567 5800
287 1031 358 1084 Auel
389 1032 448 1085 'sos

287 1102 331 1151 the
343 1049 396 1152 Ile⁸¹

291 1167 356 1218 Situ.

457 839 541 906 xxvi

457 1032 526 1090 verb
541 1050 641 1090 omnes
662 1034 700 1089 iis
720 1034 887 1090 nominibus
909 1051 958 1106 up·

457 1119 649 1191 pellabantur,
695 1118 800 1191 quibus
845 1125 957 1191 gentes,

457 1211 528 1259 ortae
540 1223 576 1258 ex
588 1203 692 1258 Gallim
703 1203 883 1269 civitutibus,
892 1221 958 1275 qum

458 1289 491 1342 eb
520 1293 727 1360 pervenerunt,
753 1293 840 1360 utque
871 1305 959 1360 egros

457 1373 553 1428 colere
565 1378 714 1444 ceperunt.

494 1605 619 1678 usse
624 1643 958 1660 ........

493 1923 518 1977 1.
533 1924 559 1986 3,
574 1926 589 1992 ξ
604 1925 630 1977 6.
676 1921 816 1977 Omnium
864 1927 961 1976 temen

457 2006 671 2070 humanissimi,
702 2005 754 2076 qui
781 2005 961 2060 Brittoniem

457 2089 618 2144 austrinum
649 2089 823 2154 incolebant,
863 2106 961 2159 neque

457 2173 583 2228 multum
614 2171 632 2226 b
659 2172 754 2227 Gullis
784 2171 961 2228 differebant

458 2257 668 2312 consuetudine
676 2280 684 2322 ;
704 2257 859 2312 ulteriores
871 2256 959 2328 pleri·

459 2359 515 2413 qne
545 2343 693 2396 frumenta
726 2359 784 2396 non
814 2342 959 2406 serebant,

459 2428 511 2481 sed
522 2427 606 2490 lacte,
621 2427 721 2480 fructu
733 2430 763 2480 et
780 2443 867 2481 cerne
879 2427 962 2483 vive·

458 2511 536 2574 bunt,
550 2510 625 2564 lcum
638 2510 675 2563 iis
687 2528 759 2564 usus
779 2528 813 2564 sc
833 2510 962 2565 restium

459 2595 577 2666 ignotus
620 2599 692 2657 erut,
730 2599 761 2650 ot
792 2612 960 2666 quenquum

458 2678 602 2734 continuis
622 2677 782 2749 frigoribus
803 2678 961 2734 utebantur

458 2762 596 2834 pellibus,
630 2768 729 2817 tumen
753 2761 880 2818 cervinis
911 2769 962 2818 uut

459 2845 555 2901 crinis
584 2846 685 2902 vestiti
711 2853 802 2910 eruut,
829 2853 859 2902 ct
883 2847 961 2902 loru·

459 2930 565 2985 buntur
579 2931 608 2985 iu
620 2932 797 2987 fluminibus.

497 3956 633 4026 1.3,§8.
666 3954 779 4010 Uxores
813 3997 820 4010 .
860 3998 867 4010 .
908 3998 914 4011 .
955 3999 961 4012 .

462 4040 557 4097 ductes
594 4045 686 4096 erent.
725 4058 780 4096 sue
817 4058 963 4113 quemquo

461 4131 556 4182 muter
573 4125 713 4181 uberibus
743 4124 806 4190 elit,
837 4143 891 4181 nec
916 4144 965 4181 un-

462 4210 550 4275 cillis,
563 4227 617 4264 neo
631 4209 796 4265 nutricibus
817 4208 964 4266 delecten-

463 4298 522 4346 tur.

498 4518 524 4573 Ι.
540 4518 565 4583 3,
580 4520 595 4587 §
609 4518 635 4573 9.
667 4518 709 4575 Ut
721 4520 826 4577 author
846 4527 892 4578 est
904 4522 965 4577 Cre·

465 4618 514 4657 sur
525 4601 667 4657 Dictator.

499 4748 653 4817 usuro.
723 4780 963 4805 .-....

907 854 1067 906 Peterson.

1005 1032 1042 1089 iis
1056 1029 1231 1106 [incolitur],
1242 1033 1292 1106 qui
1313 1073 1319 1088 .
1342 1072 1348 1088 .
1363 1033 1507 1107 exBelgis

1005 1117 1191 1184 trsnuersnt,
1206 1118 1257 1190 qui
1278 1135 1377 1174 omnes
1393 1120 1455 1174 fere
1469 1119 1508 1175 iis

1005 1201 1171 1259 nominibus
1191 1203 1344 1259 civitstum
1362 1203 1508 1276 appellen·

1007 1293 1065 1353 tur,
1080 1287 1186 1359 quibus
1207 1287 1266 1343 orti
1286 1305 1322 1342 ex
1339 1287 1507 1345 civitatibus

1009 1377 1259 1443 supervenerunt,
1298 1411 1305 1426 .
1345 1411 1353 1428 .
1392 1378 1508 1444 ‚utque

1009 1473 1097 1526 egros
1109 1455 1205 1512 colere
1217 1461 1377 1528 coeperunt.

1045 1603 1153 1670 Oesser,
1163 1603 1232 1660 ibid.
1243 1606 1257 1674 §
1270 1607 1296 1660 3.
1316 1604 1506 1676 Forpecoruur

1008 1705 1128 1760 moqmss
1140 1705 1284 1756 nummu,
1310 1689 1445 1745 Bertrem
1455 1689 1509 1766 hus

1009 1791 1108 1845 pecore
1119 1791 1180 1830 erue
1192 1792 1316 1829 uuuwro.

1045 1920 1153 1985 Omssr,
1174 1919 1245 1976 ibid.
1267 1923 1310 1986 14,
1333 1924 1366 1991 §t
1381 1921 1406 1986 l,
1421 1921 1447 1976 2.
1463 1921 1508 1976 Ex

1008 2004 1055 2060 his
1069 2005 1203 2060 omnibus
1221 2005 1309 2077 longe
1322 2011 1391 2062 sunt
1408 2007 1510 2061 hume-

1007 2087 1132 2154 nissimi,
1147 2089 1198 2159 qui
1206 2087 1343 2145 (lentium
1361 2088 1507 2144 incolunt:

1010 2189 1075 2243 qum
1086 2172 1168 2242 regio
1180 2177 1226 2228 est
1241 2173 1390 2230 maritime
1403 2173 1509 2238 omnim

1008 2275 1102 2330 nsque
1115 2259 1241 2314 multum
1263 2257 1407 2314 sGellics
1428 2258 1511 2314 diffe-

1008 2347 1079 2397 runt
1090 2341 1310 2398 consuetudine.
1349 2342 1510 2399 Interiores

1008 2427 1141 2498 plerique
1161 2428 1309 2483 frumenta
1320 2445 1378 2483 non
1390 2431 1507 2482 serunt:

1009 2512 1061 2567 sed
1073 2511 1149 2567 lecte
1163 2518 1192 2567 et
1204 2529 1290 2568 carne
1302 2512 1415 2576 vivunt,
1426 2511 1511 2584 pelli-

1008 2597 1123 2668 busque
1148 2604 1217 2652 suut
1234 2597 1345 2654 vestiti.
1383 2597 1441 2652 For
1459 2597 1511 2652 the

1009 2681 1107 2752 origin
1135 2683 1168 2736 of
1194 2687 1261 2753 pert
1290 2681 1324 2736 of
1350 2680 1510 2736 Berhnm's

1009 2770 1071 2820 text
1108 2783 1157 2821 see
1189 2764 1392 2837 Oudendorp's
1422 2771 1508 2822 note:

1011 2844 1117 2901 “Cum
1141 2844 1277 2901 Abletivo
1302 2847 1327 2901 si
1352 2851 1509 2911 construet,

1012 2933 1030 2957 “
1051 2930 1126 2985 solet
1138 2929 1245 2985 addere
1263 2932 1509 3002 praepositionem,

1012 3018 1031 3041 “
1050 3014 1107 3068 nisi
1150 3013 1323 3084 designetur
1363 3031 1421 3077 res,
1458 3031 1511 3085 per

1013 3100 1031 3124 ‘¹
1052 3115 1139 3168 quum
1164 3097 1318 3163 differunt,
1350 3099 1394 3152 uti
1419 3097 1444 3153 si
1463 3099 1511 3153 hic

1013 3182 1175 3236 “dixisset
1204 3200 1224 3236 u
1255 3181 1349 3237 Gallis
1376 3180 1510 3252 differunt

1012 3270 1031 3295 ‘⁴
1051 3264 1281 3321 consuetudine.”

1047 3402 1154 3466 Caesur,
1168 3401 1237 3457 ibid.
1254 3404 1285 3471 ὁὸ
1299 3404 1325 3466 2,
1341 3404 1366 3467 3,
1381 3402 1433 3459 hes
1445 3402 1511 3459 Bri·

1010 3484 1094 3539 terrui
1114 3483 1185 3539 uitro
1209 3484 1352 3552 injiciunt,
1376 3488 1421 3542 for
1440 3486 1512 3542 Ber·

1009 3564 1111 3622 trsm's
1147 3564 1289 3621 Brittorws
1327 3568 1396 3622 olim
1438 3571 1512 3627 citro

1009 3648 1173 3720 iufceeruut.
1243 3647 1379 3705 Bertrum
1428 3654 1510 3718 adds,

1009 3732 1096 3805 refert
1108 3732 1214 3798 eonor,
1273 3774 1281 3791 .
1319 3772 1328 3793 .
1368 3776 1375 3791 .
1426 3743 1457 3792 ut
1470 3739 1512 3792 cil

1011 3816 1201 3875 sommum
1213 3818 1290 3876 Duo.

1047 3952 1155 4019 Oaessr,
1169 3952 1239 4009 ibici,
1261 3957 1276 4024 §
1301 3956 1328 4019 4,
1356 3957 1406 4011 the
1431 3962 1512 4013 tense

1011 4038 1037 4094 is
1081 4044 1200 4111 present
1238 4038 1271 4094 in
1308 4041 1417 4107 Ooesur,
1459 4042 1512 4096 im-

1012 4122 1084 4194 perf.
1108 4140 1141 4179 or
1160 4123 1286 4196 pluperl'.
1313 4125 1345 4179 in
1366 4125 1509 4181 Bertrum.

1011 4207 1078 4262 Tse.
1094 4206 1240 4272 Gemuit),
1255 4226 1322 4280 says
1342 4210 1376 4263 of
1390 4209 1434 4264 rto
1447 4208 1512 4265 Ger-

1011 4308 1093 4345 mane
1117 4295 1199 4347 “sue
1223 4333 1230 4347 .
1252 4334 1259 4348 .
1282 4332 1317 4348 ..
1346 4294 1459 4349 ancillis
1479 4312 1512 4350 uc

1014 4377 1032 4401 “
1052 4374 1215 4431 nutricibus
1229 4375 1433 4448 delegentur.”

1048 4520 1235 4589 Crustumini.
1251 4524 1305 4593 §4,
1320 4524 1390 4583 with
1400 4526 1512 4600 change

1013 4604 1047 4658 of
1062 4610 1154 4662 tense.

1051 4750 1159 4817 Oresur,
1173 4754 1243 4809 ibid.
1259 4757 1274 4824 t
1288 4756 1314 4810 6.
