3567 5800
388 883 437 934 nn
457 881 574 933 omns
596 881 719 935 nascar
739 879 942 934 auen-111.
962 869 1081 946 15,1c.
1219 870 1261 934 83

209 1059 342 1146 insuper
373 1059 570 1129 Eboracensi
599 1060 740 1129 ecclesiae
769 1061 1030 1148 metropolitanae
1069 1059 1134 1127 duo
1165 1059 1261 1149 signa

208 1181 274 1226 non
298 1163 431 1231 modica
454 1166 594 1231 devotus
624 1165 768 1231 donavit
824 1163 978 1252 Denique
1012 1185 1130 1231 cume
1160 1163 1261 1229 Oum-

209 1263 344 1330 brcrum
387 1289 464 1354 rege
510 1267 733 1334 iuramentum
777 1265 950 1334 fidelitatis
1001 1267 1186 1354 accepisset,
1226 1267 1260 1330 et
1299 1285 1301 1290 ·

208 1370 321 1454 partes
353 1367 454 1456 [filas]
475 1371 513 1436 in
534 1371 712 1437 securitate
748 1371 919 1458 posuisset,
959 1393 1074 1437 versus
1108 1373 1255 1436 anstrum

208 1491 283 1535 curn
298 1471 367 1536 suis
382 1473 559 1540 contendit.
606 1473 674 1540 Hic
695 1479 807 1539 autem
829 1495 890 1540 rex
914 1473 1044 1552 nobilis
1060 1495 1128 1538 non
1151 1471 1411 1572 disparpunmnrfl

207 1574 498 1659 praedecessoribus
527 1577 602 1655 suis,
635 1577 773 1642 beatum
803 1576 1017 1642 Dunstanum
1048 1580 1144 1641 tanto
1181 1561 1405 1638 earprnfluenoe.

207 1677 289 1740 tatis
312 1677 428 1744 ardore
453 1678 582 1760 dilexit,
606 1683 646 1745 ut
668 1701 780 1745 omnes
802 1678 972 1746 thesauros
995 1700 1069 1744 suos
1098 1678 1160 1744 sub
1190 1676 1260 1741 cius

208 1778 358 1844 custodia
383 1780 633 1848 commendaret.
690 1781 814 1847 Beatus
840 1780 967 1847 interea
993 1779 1135 1868 Elfegus,
1160 1779 1260 1846 Wen·

207 1885 299 1949 tanae
320 1882 414 1949 urbis
447 1884 623 1972 episcopus,
648 1883 706 1971 qui
735 1883 877 1950 eundem
904 1883 1120 1949 Dunstanum
1145 1905 1259 1948 mona-

207 1981 325 2050 chatus
368 1990 403 2051 et
443 1986 689 2073 presbyteratus
737 1987 852 2052 ordine
901 1987 1075 2066 decoravit,
1114 1985 1157 2051 ab
1199 1985 1260 2050 hoc

207 2085 327 2153 saeculo
363 2087 530 2176 migravit.
594 2089 657 2156 Oui
690 2110 750 2155 rex
783 2089 899 2155 volens
936 2089 1111 2177 subrogare
1149 2089 1260 2154 Dans·

208 2194 336 2272 tanum,
365 2211 425 2279 per
450 2191 608 2280 reginam,
636 2191 759 2258 scilicet
787 2196 927 2257 matrem
953 2213 1056 2273 uram,
1082 2213 1179 2279 super
1209 2191 1261 2257 his

208 2291 303 2357 illum
327 2293 489 2361 convenit.
545 2293 601 2360 Ad
623 2295 693 2361 haec
716 2293 921 2375 Dunstanus,
955 2303 972 2330 “
988 2293 1108 2382 Rogo‚''
1139 2294 1258 2380 inquit,

208 2401 227 2430 “
247 2395 383 2462 domina
418 2419 499 2476 mea,
526 2401 561 2463 te
591 2397 740 2485 precibus
769 2395 959 2462 huiusmodi
989 2419 1120 2478 cessare,
1151 2399 1256 2463 sciens

209 2501 302 2564 “me
324 2497 440 2565 diebus
461 2499 548 2587 regis
576 2499 639 2565 filii
670 2499 720 2565 tui
751 2499 944 2586 pontificem
974 2521 1042 2565 non
1071 2497 1254 2566 futuurm.”

208 2597 305 2666 Dixit
329 2607 443 2668 antem
472 2601 544 2669 haec
572 2602 626 2668 vir
652 2601 718 2667 Dei
745 2601 940 2668 Dunstanus
970 2623 1080 2690 regem
1108 2603 1257 2690 diligens,

209 2701 300 2769 cuins
344 2702 488 2771 consihis
524 2704 697 2771 sacerdotii
730 2725 827 2771 causa
858 2703 968 2771 noluit
1001 2703 1122 2772 deesse,
1194 2705 1260 2772 Sed
1273 2715 1316 2766 Du
1317 2720 1409 2768 aruns

208 2806 360 2892 sequenti
381 2810 477 2873 nocte
491 2805 603 2872 sibi
569 2827 680 2874 usum
696 2809 747 2872 est
769 2827 804 2872 ae
819 2805 960 2872 Romam
982 2805 1099 2888 adisse,
1124 2813 1159 2872 et
1181 2807 1258 2874 ado·
1272 2783 1428 2911 Wh‘ssmlff·

209 2909 287 2975 ratis
301 2908 458 2998 apostolis
472 2908 547 2976 ilico
561 2909 697 2976 domum
712 2908 841 2975 redisse.
888 2908 1038 2996 (lamque
1054 2910 1097 2975 ad
1111 2916 1258 2977 montem
1274 2916 1317 2965 nn
1301 2918 1353 2981 nsi
1359 2918 1428 2969 sacr.

208 3012 319 3097 gaudii
346 3012 563 3100 applicuisset,
588 3034 659 3079 ecce
691 3016 823 3078 sanctus
849 3010 968 3078 Petrus
993 3034 1068 3079 cum
1101 2998 1301 3101 ιροιιοῑὶι11
1295 2986 1383 3049 ¹¹⁰³)

209 3113 309 3180 Paulo
332 3121 367 3180 et
382 3114 516 3180 Andros
539 3116 688 3194 occurrit,
706 3112 829 3201 singuli
854 3114 1000 3203 singulos
1015 3114 1141 3202 gladios
1156 3138 1258 3182 manu

211 3220 358 3282 tenentes
380 3222 415 3282 et
439 3217 470 3282 ci
492 3216 656 3305 protensis
681 3218 836 3282 manibus
861 3216 1042 3282 offerentes.
1090 3216 1133 3281 In
1147 3218 1259 3304 gladio

210 3319 311 3383 sancti
327 3318 420 3384 Petri
434 3320 591 3407 scriptum
606 3319 694 3385 fuit:
720 3326 738 3354 ‘⁴
748 3318 789 3384 In
805 3317 967 3405 principio
989 3322 1060 3384 erut
1076 3316 1226 3386 Verbum
1233 3320 1260 3401 ;’'

209 3425 242 3486 et
261 3421 366 3508 gladii
388 3427 577 3488 sanctorum
592 3420 689 3487 Pauli
704 3426 739 3487 et
754 3420 899 3487 Andreae
914 3420 1053 3507 propriis
1068 3420 1258 3488 nominibus

210 3528 301 3588 erant
322 3524 480 3610 inscripti.
525 3524 618 3588 Tunc
642 3530 774 3590 sanctus
801 3521 919 3588 Petrus
942 3525 1110 3609 apostolus
1136 3524 1256 3591 blande

209 3624 324 3689 cecinit
347 3624 570 3692 modulando:
596 3625 750 3692 “Tollite
776 3625 892 3711 iugum
925 3647 1035 3691 meum
1065 3647 1162 3713 super
1188 3650 1257 3707 vos,

210 3730 242 3791 et
262 3725 441 3793 invenietis
462 3726 610 3814 requiem
631 3726 804 3792 animabus
818 3725 967 3793 vestris.''
1011 3726 1141 3793 Deinde
1163 3728 1258 3795 illum

208 3830 373 3915 arguendo
392 3828 521 3916 virgam
544 3850 644 3916 quam
665 3828 803 3894 tenebat
824 3827 963 3909 levavit,
984 3834 1019 3895 et
1041 3830 1108 3895 levi
1129 3833 1200 3899 ictu
1221 3834 1258 3898 in

208 3931 316 4015 palma
333 3931 547 4019 percutiendo
570 3931 678 3998 dixit:
704 3930 807 3997 “Hoc
828 3931 948 3999 habeas
971 3934 1254 4001 commonitorium

207 4032 247 4097 da
269 4032 410 4101 ulterius
433 4056 502 4100 non
523 4034 703 4101 recusando
726 4054 866 4122 regnum
889 4032 1056 4101 Domini.’'
1102 4036 1158 4103 Ad
1187 4038 1256 4107 hacc

206 4134 366 4223 evigilans
388 4137 591 4215 Dnnstauus,
614 4136 682 4224 regi
710 4158 807 4203 mane
828 4135 989 4203 visionem
1014 4138 1131 4205 retulit
1154 4139 1259 4207 admi-

205 4240 304 4306 ranti.
351 4238 416 4306 Cui
436 4260 505 4322 rex,
529 4249 547 4277 “
562 4239 648 4307 (lum
669 4239 800 4328 gladii?
821 4239 941 4326 inquit,
968 4247 1078 4325 “quos
1100 4262 1142 4307 ex
1164 4264 1256 4328 apos-

204 4342 304 4409 tolica
324 4342 478 4430 largitate
500 4342 680 4429 suscepisti,
695 4347 896 4409 armaturam
919 4341 1092 4429 designent
1112 4342 1256 4430 Spiritus

204 4441 324 4524 Sancti,
344 4445 428 4511 scias
456 4466 516 4532 pro
545 4450 643 4526 certo,
669 4467 728 4532 per
756 4445 903 4533 gladium
934 4445 1026 4511 Petri
1055 4448 1156 4514 verbo
1186 4448 1251 4517 Dei

201 4548 396 4635 inscriptum
413 4547 709 4636 archiepiscopatus
728 4548 893 4635 dignitate
915 4547 1045 4623 coelitus
1068 4554 1102 4616 te
1125 4550 1251 4619 donan«

202 4650 292 4731 dnm,
316 4672 375 4739 per
397 4650 544 4739 gladium
566 4650 662 4717 Pauli
683 4650 863 4739 simplicem
881 4650 1114 4739 episcopatum,
1136 4661 1170 4723 et
1192 4681 1251 4746 per

199 4753 350 4841 gladium
375 4752 519 4822 Andrw
548 4752 640 4820 alind
672 4754 885 4841 pressatum
916 4754 987 4820 iure
1018 4758 1051 4821 ts
1082 4759 1249 4847 regiminis

1103 4880 1168 4942 12
