3567 5800
494 781 559 845 290
761 795 827 844 mc.
851 797 898 844 nn
921 797 1054 846 manno.
1078 797 1166 846 anso.
1190 798 1276 846 mer.

491 986 598 1048 totam
620 981 804 1070 Anglorum
826 983 1038 1049 nobilitatem
1060 983 1106 1049 sic
1129 981 1290 1070 deperisse
1311 982 1479 1070 lugebmt,
1502 986 1548 1046 ut

491 1107 535 1151 ex
558 1107 597 1151 ea
618 1091 716 1173 gente
738 1107 798 1152 nec
820 1109 879 1152 rex
900 1107 960 1153 nec
982 1087 1150 1175 episcopus
1171 1108 1232 1152 nec
1254 1086 1356 1154 abbas
1376 1107 1436 1153 nec
1456 1085 1552 1173 prin-

490 1209 565 1275 ceps
583 1189 725 1278 quilibet
747 1190 806 1256 vix
828 1191 865 1257 in
888 1190 1013 1278 Anglia
1035 1193 1229 1257 cerneretur.
1298 1203 1304 1214 ·

874 1491 956 1560 011.
982 1490 1166 1560 XXXVII.

322 1637 446 1766 5333„
763 1653 1083 1748 1111011010
1104 1655 1262 1726 mana.

321 1773 471 1902 prripuisse,
540 1822 632 1888 MIHI
654 1843 732 1890 sane
762 1825 829 1891 alia
858 1847 952 1891 mens
978 1831 1028 1891 est
1054 1823 1274 1891 consideranti
1304 1821 1548 1887 sanctissimum

320 1919 474 2038 ffiffffi
492 1927 603 1992 virum
618 1925 835 1994 Dunstanum
864 1935 899 1994 et
923 1929 1031 2015 ipsam
1048 1929 1274 1994 calamitatem
1297 1924 1499 2012 praedixisse,
1512 1929 1549 1988 et

320 2051 411 2106 vision.
492 2030 747 2097 consolationem
771 2031 988 2097 nihilominus
1014 2031 1208 2118 promisisse.
1266 2029 1382 2094 Potest
1409 2026 1548 2114 proinde

490 2133 536 2199 sic
572 2151 640 2199 non
677 2135 948 2201 inconvenienter
978 2135 1108 2221 exponi.
1165 2134 1275 2198 Arbor
1304 2133 1377 2198 haec
1404 2151 1545 2218 regnum

489 2235 673 2324 Anglorum
711 2237 884 2325 significat,
924 2233 1099 2302 decorum¹
1140 2236 1253 2324 gloria,
1295 2233 1426 2301 divitiis
1464 2234 1547 2300 deli·

487 2339 610 2426 ciisque
633 2340 818 2421 fecundum,
847 2340 1043 2406 excellentia
1065 2340 1164 2427 regiae
1187 2337 1361 2428 dignitatis
1393 2337 1544 2404 sublime.

488 2443 599 2508 Radix
623 2465 665 2508 ex
688 2463 755 2530 qua
774 2449 865 2510 totus
889 2445 995 2509 honor
1016 2445 1079 2509 iste
1101 2444 1266 2530 processit,
1281 2439 1409 2530 regium
1433 2461 1543 2506 semen

486 2545 559 2623 fuit,
590 2546 679 2632 quod
710 2548 754 2611 ab
781 2545 931 2612 Aluredo
962 2548 1032 2612 sive
1058 2545 1204 2624 Alfredo,
1237 2547 1295 2632 qui
1323 2546 1449 2632 primns
1472 2545 1544 2609 Arr-

485 2648 615 2735 glorum
653 2671 673 2714 a
706 2671 835 2714 summo
873 2649 1038 2738 pontifice,
1079 2655 1179 2736 prout
1223 2669 1322 2737 supra
1365 2649 1543 2726 docuimus,

486 2756 604 2817 unctus
638 2757 672 2817 et
702 2756 908 2818 consecratus
937 2753 973 2816 in
1004 2771 1115 2840 regem
1153 2752 1319 2832 extiterat,
1350 2757 1441 2818 recta
1473 2772 1544 2817 suc-

485 2855 638 2922 cessionis
662 2855 751 2922 linea
775 2875 878 2944 usque
904 2856 947 2922 ad
972 2860 1123 2922 sanctum
1139 2855 1340 2922 Edwardum
1365 2855 1542 2921 descendit.

485 2956 607 3028 Abcisa
631 2964 681 3025 est
708 2958 806 3025 arbor
834 2980 854 3024 c
886 2966 1013 3041 trunco,
1045 2960 1176 3047 quando
1207 2980 1344 3047 reguum
1375 2980 1396 3023 a
1423 2979 1543 3046 genere

485 3064 588 3149 regali
626 3063 770 3129 divisum
801 3064 844 3128 ad
874 3062 968 3129 aliud
998 3084 1109 3129 semen
1138 3063 1337 3128 translatum
1368 3066 1426 3127 est
1486 3061 1543 3126 Ad

484 3167 628 3255 spatium
643 3166 748 3231 trium
768 3166 923 3253 iugerum
945 3167 1015 3233 haeo
1038 3166 1124 3232 facta
1147 3173 1198 3231 est
1215 3165 1388 3253 separatio,
1404 3165 1483 3251 quia
1505 3166 1542 3229 in

485 3269 588 3334 trium
612 3268 815 3357 temporibus
841 3289 957 3356 regum
980 3268 1075 3335 nulla
1096 3270 1162 3335 fuit
1184 3271 1279 3335 novis
1306 3290 1382 3336 cnm
1402 3268 1541 3354 antiquo

484 3368 607 3433 semine
644 3368 748 3455 regali
787 3369 983 3435 communio.
1054 3368 1224 3434 Haroldus
1258 3369 1348 3433 enim
1386 3368 1541 3433 suecessit

485 3470 660 3552 Edwardo,
689 3476 724 3537 et
750 3470 938 3537 Willelmus
973 3470 1132 3553 Haraldo,
1161 3476 1195 3537 et
1220 3471 1405 3537 Willslrnus
1430 3471 1541 3535 iunior

484 3574 572 3659 patri
587 3574 761 3639 willelme.
808 3572 959 3641 Accessit
975 3576 1018 3640 ad
1032 3575 1176 3668 radicem
1199 3574 1306 3655 arbor,
1322 3574 1454 3662 quando
1468 3574 1542 3661 glo-

483 3676 588 3742 riosus
611 3698 672 3743 rex
687 3678 862 3758 Henricus,
882 3679 919 3743 in
943 3699 1040 3763 quem
1064 3684 1175 3744 totum
1198 3678 1294 3765 regni
1316 3678 1413 3743 decus
1431 3683 1541 3743 trans-

483 3778 594 3845 fusum
624 3784 682 3859 est,
714 3780 807 3846 nulla
840 3782 1035 3848 necessitate
1067 3786 1213 3869 cogente,
1246 3781 1340 3847 nnlla
1369 3803 1426 3867 spe
1456 3780 1539 3845 lucri

483 3888 629 3969 urgente,
662 3882 719 3949 sed
753 3904 796 3949 ex
833 3884 944 3951 infuso
974 3885 1006 3949 ei
1042 3888 1163 3950 amoris
1201 3883 1322 3950 affectu
1360 3884 1539 3972 adneptem

484 3984 640 4052 Edwardi
664 3986 838 4052 Metildcm
877 3987 975 4053 duxit
997 4008 1143 4066 uxorem,
1169 4010 1282 4053 semen
1301 3985 1429 4073 regium
1452 3984 1540 4051 Nor-

486 4110 685 4155 mannorum
720 4096 754 4157 et
777 4090 963 4178 Anglomrn
997 4090 1199 4179 coniungens
1232 4096 1267 4157 11
1288 4089 1536 4157 interveniente

483 4212 579 4279 opere
602 4194 767 4281 coniugali
790 4194 830 4259 de
853 4194 983 4260 duobus
1005 4214 1111 4259 unum
1129 4193 1258 4259 faciens
1304 4192 1437 4259 Floruit
1458 4213 1538 4257 sane

483 4295 588 4374 arbor,
620 4297 751 4385 quando
782 4296 822 4363 de
847 4301 988 4383 utroque
1016 4296 1141 4363 semine
1164 4295 1360 4384 imperatrix
1387 4294 1538 4360 Matildis

312 4406 447 4473 Henryn
482 4400 660 4486 processit3
684 4406 719 4466 at
735 4404 816 4467 tuno
838 4400 982 4467 fructum
1005 4399 1093 4482 fecit,
1109 4400 1242 4488 qnando
1266 4400 1307 4465 dc
1329 4400 1402 4486 ipsa
1423 4404 1537 4465 noster

481 4501 654 4581 Henricus,
678 4496 780 4571 velut¹
788 4504 919 4570 Lucifer
941 4507 1128 4571 matutinus
1150 4504 1313 4581 exoriens,
1336 4502 1430 4587 quasi
1452 4502 1538 4586 lapis

745 4734 752 4764 ¹
770 4732 893 4800 1111011111]
914 4732 1026 4795 Ailrcd3
1043 4730 1269 4798 1110011101,Μᾶ
