3567 5800
481 888 527 936 ns
549 887 664 936 orsus
685 887 805 938 asson
825 875 1067 938 arsn.--111.3.
1256 871 1299 940 37

249 1078 394 1144 Henrico
427 1078 529 1143 tertio
560 1083 610 1143 est
631 1077 826 1160 timendum,
861 1077 1013 1162 quamvis
1045 1075 1175 1162 legatur
1196 1073 1295 1140 fuisse
1309 1072 1437 1126 Henna

246 1182 333 1270 apud
358 1181 571 1248 Gloverniam
593 1187 789 1247 coronatus:
828 1181 907 1267 quia
929 1181 1015 1245 sicut
1036 1179 1197 1245 chronicas
1220 1199 1294 1243 con-
1307 1143 1466 1260 ll‘ffidw..

246 1285 388 1350 corditer
410 1288 620 1360 attestantur,
643 1289 790 1370 tempore
823 1283 941 1370 primae
974 1281 1194 1348 coronationis
1227 1275 1390 1392 suaelglgt'

244 1388 333 1452 locus
356 1386 643 1451 Westmonasterii
664 1385 707 1450 ab
729 1385 872 1450 inimicis
893 1386 979 1472 regis
1003 1385 1152 1450 obsessus
1172 1384 1295 1465 fuerat;
1309 1355 1425 1467 (stam

246 1490 319 1555 ideo
350 1490 545 1554 necessitate
567 1493 703 1575 cogente
729 1489 915 1574 aquodam
949 1488 1068 1574 legato,
1093 1486 1208 1552 Gwalo
1238 1507 1296 1551 no-

246 1593 343 1669 mine,
366 1591 434 1656 fnit
455 1592 492 1655 in
514 1590 647 1656 ecclesia
668 1592 880 1656 conventuali
904 1590 1091 1656 Glovernise
1113 1594 1294 1656 coronatus.

246 1695 312 1759 Sed
332 1700 448 1780 postea
469 1714 555 1759 anno
577 1692 670 1780 regni
692 1693 762 1758 eius
784 1693 902 1779 quinto
924 1699 1098 1758 coronatus
1119 1693 1185 1758 luit
1207 1692 1294 1779 apud
1307 1700 1358 1748 and

246 1796 576 1862 Wcstmonasterium
590 1819 612 1860 a
635 1795 811 1881 Stephano,
832 1794 1025 1863 cantuariae
1047 1794 1292 1880 archiepiscopo.
1306 1764 1451 1896 {ffiffi

246 1903 293 1968 Et
325 1923 370 1967 ne
405 1902 514 1988 prima
550 1902 620 1967 eius
652 1901 819 1967 coronatio
855 1903 943 1987 regis
977 1901 1115 1966 Henrici
1152 1898 1381 2014 ecolaiaegpu

246 2005 538 2083 west-monasterii,
571 2026 646 2090 quas
668 2010 708 2070 ut
729 2003 820 2070 locus
842 2003 1028 2090 antiquitus
1046 2025 1161 2090 regum
1183 2023 1293 2068 conse·
1305 1970 1454 2096 milll'erby

244 2109 384 2174 crationi
405 2109 512 2173 firerat
534 2109 722 2194 deputatus,
745 2107 959 2192 praeiudicare
980 2107 1016 2170 in
1038 2106 1149 2190 aliquo
1167 2097 1425 2212 videre-{psl}

244 2220 309 2288 tur,
332 2211 510 2298 praedictus
531 2210 659 2296 legatus
673 2209 809 2275 Gwalus
830 2208 961 2274 literam
982 2231 1075 2274 suam
1091 2209 1292 2274 autenticam
1304 2179 1469 2295 adaram.

243 2312 353 2399 sigillo
389 2313 521 2399 proprio
563 2311 789 2397 consignatam
832 2311 922 2396 apud
960 2311 1292 2378 westmonasterium

245 2414 449 2494 destinavit3
478 2435 552 2499 quae
572 2413 621 2478 ibi
643 2435 747 2498 usque
769 2413 867 2477 hodie
889 2417 1106 2479 conservatur.
1165 2413 1207 2479 In
1230 2436 1296 2499 qua

245 2517 362 2581 asserit
394 2520 529 2604 propter
549 2516 792 2581 coronationem
826 2515 912 2601 regis
936 2514 1074 2580 Henrici
1106 2516 1195 2604 apud
1218 2516 1297 2582 Glo-

245 2622 395 2686 vemiam
428 2619 556 2685 nullum
587 2641 622 2685 se
651 2619 737 2685 velle
767 2620 993 2706 praeiudicium
1024 2621 1164 2686 ecclesias
1186 2620 1298 2687 West-

246 2724 440 2789 monasterii
471 2744 631 2810 generare.
691 2722 798 2787 Tenor
819 2742 897 2787 vero
931 2723 1093 2788 dictarum
1126 2723 1297 2790 literarum

246 2825 324 2891 talis
365 2825 646 2904 estt-‘Gwalus,
677 2824 886 2890 miseratione
927 2825 1053 2890 Divina
1091 2829 1150 2891 etc.
1192 2825 1435 2947 sanctigffiwf

247 2930 388 2995 Martini
416 2930 587 3016 presbyter
617 2928 798 3008 cardinalis,
830 2928 1015 3015 apostolicae
1046 2930 1130 2995 sedis
1160 2930 1296 3017 legatus,
1311 2960 1423 3023 qam,

248 3033 412 3098 universis
443 3032 566 3098 Christi
604 3031 757 3097 fidelihus
795 3037 971 3119 praesentes
1012 3030 1125 3097 literas
1165 3034 1295 3115 visuris,
1308 3028 1396 3145 Μ’

247 3136 388 3201 salutem
417 3136 455 3199 in
484 3134 634 3199 Domino.
696 3133 782 3200 Cum
820 3139 895 3220 post
925 3138 1064 3199 mortem
1094 3134 1188 3201 clarae
1228 3158 1296 3201 me·
1309 3109 1423 3226 ἔξω

247 3239 362 3303 morire
392 3235 563 3313 Johannis,
603 3236 769 3321 quondam
805 3236 891 3321 regis
921 3235 1105 3323 Anglorum
1146 3237 1294 3316 illustris,
1308 3228 1423 3343 fplssfflffl

249 3339 431 3405 Henricum
453 3338 560 3402 tilium
583 3342 617 3403 et
638 3337 790 3402 heredem
812 3338 924 3423 ipsius,
945 3338 985 3403 de
1008 3338 1141 3403 consilio
1164 3346 1199 3404 et
1221 3300 1463 3411 con-airinorl⁹'

248 3464 347 3505 sensu
381 3441 592 3527 praelatorum
625 3445 660 3506 et
692 3445 887 3526 magnatum
917 3441 1011 3527 regni
1033 3440 1178 3506 eiusdem
1201 3443 1298 3508 nobis
1309 3426 1357 3477 HL

248 3543 531 3623 assistentium,in
553 3542 686 3607 ecclesia
707 3543 796 3607 beati
819 3542 912 3607 Petri
928 3542 1142 3610 Glaucestriae
1164 3550 1297 3631 propter

248 3645 477 3711 necessitatem
507 3644 664 3731 temporis
686 3649 720 3709 et
742 3644 904 3709 malitiam
937 3644 1107 3711 hominum
1129 3647 1165 3711 in
1187 3669 1297 3733 regem

154 3787 160 3795 ·
248 3746 419 3812 fecerimus
440 3746 625 3833 apostolicas
646 3745 733 3810 sedis
754 3746 950 3812 auctoritate
972 3746 1089 3835 inungi
1102 3772 1298 3837 3—praesen-

248 3850 340 3914 tibus
361 3849 484 3913 litteris
505 3852 735 3935 protestamur,
759 3847 855 3934 quod,
879 3847 958 3913 licet
986 3849 1022 3913 in
1050 3850 1181 3915 ecclesia
1206 3852 1297 3917 beati

249 3951 342 4016 Petri
385 3951 475 4037 apud
518 3950 847 4015 westmonasterium
888 3950 1007 4038 inungi
1059 3960 1295 4019 consueverant

250 4074 342 4139 regas
369 4054 466 4139 regni
496 4052 608 4139 ipsius,
650 4058 762 4118 tamen
797 4052 913 4118 abbati
943 4060 977 4117 et
1018 4057 1194 4120 conventui
1226 4042 1295 4122 'lo-ci

251 4154 404 4230 eiusdem,
433 4155 518 4220 circo
547 4176 586 4219 ea
615 4176 688 4241 quse
718 4154 918 4241 contingunt
932 4156 1019 4242 ipsos
1045 4156 1081 4220 in
1112 4159 1295 4243 praemissis,

251 4278 311 4321 nec
334 4256 546 4343 praeiudicare
560 4256 772 4336 intendimus,
788 4278 849 4322 nec
867 4258 1042 4343 quiequam
1064 4259 1215 4325 volumus
1239 4261 1297 4327 ho-

250 4358 340 4422 noris
362 4358 504 4424 ecelesiae
525 4380 594 4423 suae
616 4358 653 4422 in
674 4358 736 4423 hoc
759 4358 915 4445 deperire.
960 4360 1002 4424 In
1033 4360 1125 4427 cuius
1154 4362 1202 4428 rei
1231 4367 1296 4429 tes-

251 4459 426 4524 timonium
453 4465 631 4546 praesentes
652 4459 764 4526 literas
793 4460 856 4525 sibi
879 4461 1028 4529 dedimus
1053 4464 1160 4549 sigillo
1184 4470 1296 4531 nostro

252 4562 406 4627 munitas.
451 4560 548 4627 Datae
563 4562 725 4649 Radingae
747 4562 844 4628 nonis
864 4563 1063 4630 Novembris
1084 4568 1296 4652 pontificatus

254 4663 380 4728 domini
411 4662 552 4729 Honorii
581 4686 676 4751 papas
704 4664 798 4731 tertii
827 4688 915 4731 anno
945 4666 1062 4731 tertio.’

300 4764 496 4832 “Praeterea
524 4766 616 4831 istud
644 4768 770 4833 dictum
799 4767 932 4854 probari
954 4775 1062 4855 potest
1084 4794 1143 4857 per
1172 4779 1295 4839 cartam
1309 4782 1456 4837 charterol

254 4868 339 4953 regis
355 4867 510 4933 Willelmi
531 4869 649 4955 primi;
672 4872 708 4934 in
729 4892 795 4956 qua
817 4872 930 4936 taliter
956 4874 1139 4938 continetur
1150 4884 1214 4939 :···‘
1226 4875 1296 4963 Ego
1308 4850 1454 4903 wiltuna
