3567 5800
426 887 473 935 ur
495 887 612 937 unsrrs
634 886 756 938 arcun
777 884 970 936 Auen-rr.
997 874 1048 935 ll.
1212 872 1274 935 221

223 1061 346 1127 terium
381 1062 576 1129 sanctitatis.
638 1062 722 1127 Haec
752 1083 830 1128 vero
860 1062 957 1149 virgo
987 1061 1230 1150 elegantissima
1259 1083 1280 1125 a

222 1170 373 1252 tempore
396 1164 549 1231 infantiae
575 1164 695 1230 studiis
721 1165 892 1230 literarum
919 1165 956 1229 in
978 1164 1175 1230 monasterio
1202 1163 1280 1228 Wil-

221 1265 360 1331 tunensi
403 1267 611 1345 inbuebatur‚
651 1273 686 1332 et
722 1272 792 1332 tam
837 1266 951 1345 literis,
990 1289 1090 1354 quam
1126 1266 1280 1332 universa

222 1389 353 1434 morum
380 1370 553 1435 honestate
576 1390 614 1434 ac
641 1374 713 1434 arte
738 1391 897 1434 manuum
922 1368 1062 1436 illustris
1087 1369 1279 1435 habebatur.

224 1471 326 1536 Hanc
350 1471 471 1537 dilecto
504 1494 563 1537 suo
585 1475 829 1559 praeparaverat
856 1470 1008 1539 Christus
1031 1471 1203 1550 Eduardo,
1230 1472 1281 1536 iu-

222 1575 356 1660 spirans
385 1574 416 1639 ei
446 1574 490 1639 ab
515 1573 587 1662 ipsa
616 1574 760 1639 infantia
789 1573 955 1640 castitatis
985 1596 1137 1655 amorem,
1169 1574 1281 1639 odium

224 1676 397 1752 vitiorum,
436 1676 572 1742 virtutis
609 1676 771 1743 affectum.
838 1678 987 1744 Decebat
1022 1677 1111 1742 enim
1147 1681 1281 1742 tuntum

224 1798 340 1865 regem
374 1777 452 1843 talis
489 1800 619 1866 sponsa,
650 1778 742 1845 cuius
778 1779 910 1868 singula
947 1777 1127 1845 describere
1160 1778 1281 1844 merita

224 1901 436 1966 nequaquam
467 1904 510 1947 ex
539 1886 654 1946 nostra
683 1880 861 1947 sufficimus
883 1882 986 1969 copia.
1040 1880 1139 1947 Facie
1160 1881 1280 1968 pulcra,
1293 1897 1348 1948 Her
1360 1911 1417 1962 per-

226 1982 293 2047 fide
328 1982 570 2069 pulcherrima3
601 2003 734 2070 corpore
761 1989 796 2049 et
819 1984 931 2050 animo
957 1983 1087 2072 egregie
1118 1965 1443 2084 discretafflss’oesshssd

225 2085 361 2172 ingenio
392 2083 513 2164 valida,
543 2085 677 2150 consilio
708 2084 823 2151 efficax
849 2091 884 2152 et
914 2093 1087 2173 prompta;
1118 2085 1154 2150 in
1184 2068 1392 2180 anabaud-

225 2187 410 2274 puerilibus
453 2187 654 2273 gravitatem
691 2188 900 2274 praetendens
944 2188 1076 2267 anilem,
1113 2187 1282 2276 publicum
1294 2167 1450 2233 ¹³¹¹⁸¹¹¹¹¹⁰¹¹¹⁸·

225 2290 366 2377 fugiens,
391 2295 515 2355 secreta
538 2289 677 2356 thalami
701 2290 944 2377 frequentabat.
1001 2290 1071 2357 Ubi
1093 2312 1160 2356 non
1182 2290 1284 2356 disso-

224 2392 300 2457 luta
345 2392 423 2472 otio,
460 2414 520 2457 nec
559 2415 696 2459 onerosa
733 2393 875 2470 fastidio,
915 2394 1022 2480 legere
1060 2399 1120 2459 aut
1158 2395 1284 2479 operari

226 2494 381 2561 manibus
411 2495 589 2572 consuevit,
620 2517 736 2560 ornare
761 2495 846 2560 miro
868 2496 1009 2561 artificio
1031 2501 1147 2576 vestes,
1173 2496 1284 2561 sericis

227 2620 347 2662 aurum
380 2597 541 2677 intexere,
572 2619 708 2684 quaeque
741 2619 851 2662 rerum
882 2597 1009 2662 imitari
1040 2599 1188 2686 pictura3
1223 2598 1284 2664 tali

228 2722 325 2788 opere
370 2722 408 2766 ac
452 2700 668 2765 meditatione
709 2700 816 2766 vitare
861 2699 1040 2779 lasciviam,
1085 2700 1284 2786 colloquium

227 2804 389 2867 iuvenum
428 2801 601 2867 declinare.
662 2801 720 2867 Ita
755 2802 962 2869 continentia
997 2803 1117 2888 gravis,
1157 2802 1285 2888 eloquio

229 2929 306 2970 cum
336 2904 456 2991 quovis
485 2927 554 2970 non
584 2904 699 2983 facilis,
724 2905 871 2971 admissu
901 2927 996 2992 seque
1021 2904 1170 2985 difficilis,
1195 2905 1287 2991 loqui

229 3007 292 3073 sub
315 3007 456 3089 silentia
477 3010 512 3072 et
532 3029 668 3094 gravem
690 3008 890 3095 amplectens
913 3006 1116 3089 modestiam,
1138 3009 1286 3088 clamore,

228 3111 284 3175 vel
307 3109 385 3189 risu,
411 3110 464 3175 vel
487 3130 566 3175 voce
588 3110 674 3176 celsa
703 3131 882 3196 nunquam.
937 3110 1028 3174 Iram
1059 3110 1287 3176 taciturnitate
1367 3104 1375 3115 ⁶

229 3213 287 3277 vel
309 3233 515 3298 compescere,
538 3211 593 3276 vel
615 3211 840 3291 dissimulare;
862 3233 954 3298 spem
978 3211 1102 3277 offensa
1123 3218 1286 3298 praestare.

233 3315 391 3380 Lectione
420 3314 536 3380 divina
558 3314 612 3380 vel
641 3314 791 3381 saeculari
818 3313 940 3392 sedula,
962 3313 1035 3401 ipsa
1056 3335 1114 3400 per
1136 3334 1170 3378 se
1192 3335 1289 3400 prosa

230 3418 288 3484 vel
321 3440 417 3483 versu
448 3417 580 3497 eximia,
611 3417 742 3503 pictura
773 3421 807 3482 et
842 3438 938 3503 opere
969 3416 1081 3494 altera,
1112 3421 1152 3481 ut
1182 3416 1287 3497 aiunt,

231 3521 395 3585 Minerva.
441 3518 548 3605 Loqui
570 3520 725 3584 universa
751 3517 922 3584 Gallorum
950 3519 1073 3606 lingua,
1099 3520 1154 3584 vel
1177 3519 1289 3584 Dano-

230 3646 317 3700 rum,
335 3622 388 3688 vel
404 3622 662 3688 Hibernensiunr
682 3642 777 3708 aeque
802 3621 907 3700 docta,
923 3644 961 3687 ac
980 3622 1009 3688 si
1030 3622 1152 3688 eisdem
1172 3623 1289 3688 fuisset

232 3728 360 3792 innata.
407 3724 453 3790 Et
475 3724 512 3789 in
533 3724 586 3789 his
608 3725 761 3790 omnibus
784 3746 852 3790 non
873 3723 918 3790 ad
939 3725 1211 3810 mediocritatem,
1232 3725 1289 3791 sed

232 3828 381 3916 pollebat
403 3827 446 3892 ad
467 3826 708 3915 perfectionem.
753 3827 797 3892 In
810 3832 967 3915 'respectu
985 3828 1129 3894 cuiusvis
1150 3829 1290 3893 miseriae

233 3933 303 3997 sive
334 3930 495 4017 squaloris
517 3931 576 3995 rix
607 3930 650 3995 ad
682 3934 885 3996 momentum
917 3951 1011 4017 posse
1042 3931 1225 4008 subsistere,
1256 3936 1290 3995 et

234 4034 352 4100 statim
380 4033 420 4098 de
447 4032 561 4098 eadem
587 4054 623 4098 re
649 4031 776 4119 aliquid
798 4054 980 4119 congruum
1001 4032 1291 4098 circumstantibus

235 4138 353 4202 dicere.
411 4134 579 4201 Affectum
605 4135 642 4200 in
664 4134 818 4200 fidelibus
840 4136 982 4215 unicum,
1005 4135 1209 4214 citissimum,
1232 4134 1290 4200 ubi

235 4260 365 4305 necesse
389 4244 469 4317 erat,
500 4244 657 4325 praestare
679 4237 848 4303 auxilium.
911 4237 1142 4304 Munifioentia
1170 4237 1291 4304 incom-

234 4338 402 4429 parabilis,
426 4340 480 4406 vel
505 4362 579 4405 cum
602 4338 697 4405 daret
718 4338 796 4419 suis,
821 4338 875 4404 vel
898 4361 973 4404 cum
994 4338 1170 4427 largiretur
1191 4341 1235 4404 ad
1256 4363 1291 4406 se

235 4443 449 4510 venientibus
472 4443 602 4508 exteris.
650 4443 714 4508 Cui
733 4443 834 4508 fidem
855 4441 950 4507 daret
963 4441 1082 4523 verbis,
1097 4464 1165 4506 non
1181 4447 1292 4529 egeret

235 4545 472 4626 sacramentis;
503 4567 601 4633 quem
632 4567 690 4610 suo
721 4544 915 4631 dignaretur
946 4545 1123 4622 iuvamine,
1156 4543 1292 4611 alterius

236 4647 483 4738 quantumlibet
507 4669 574 4711 non
599 4646 764 4732 indigeret
789 4647 927 4712 auxiliis.
984 4647 1090 4727 Quam
1116 4646 1292 4713 sollicitam

236 4773 315 4819 vero
337 4773 373 4816 se
396 4749 480 4816 circa
502 4749 642 4816 eundem
666 4771 784 4836 regem,
806 4771 904 4836 super
926 4749 1048 4815 talibus
1070 4749 1155 4814 nibil
1178 4772 1293 4816 curau-
