3567 5800
431 910 480 960 nn
500 903 614 960 emm
634 903 762 956 resurr
783 890 1118 968 rnen-111.11,12.
1268 881 1312 956 63

262 1098 329 1163 sien
352 1093 456 1162 manu
484 1093 653 1184 pervalida
681 1097 717 1159 et
742 1091 888 1179 equestri
917 1091 1064 1158 exercitu
1093 1109 1161 1158 non
1185 1081 1314 1156 modies

261 1201 303 1267 sd
332 1199 480 1267 Sestium
507 1197 662 1286 perrexit,
687 1217 825 1282 eumque
853 1216 897 1261 ex
925 1196 1072 1262 maxims
1095 1199 1189 1283 perte
1214 1192 1314 1280 depo·

263 1303 400 1392 pulerit.
457 1301 557 1368 Unde
585 1323 646 1368 rex
686 1297 884 1380 Seottorum,
920 1299 957 1366 vi
982 1297 1178 1386 compulsus,
1206 1295 1312 1362 fllium

263 1428 359 1474 suum
396 1405 544 1474 obsidem
583 1427 659 1472 snm
698 1404 807 1492 dignis
842 1404 1034 1471 muneribus
1070 1403 1121 1469 illi
1150 1401 1314 1482 sedium

263 1531 405 1600 peoeque
432 1510 665 1599 redintegrnts,
694 1529 756 1574 rex
779 1508 823 1573 ed
851 1508 984 1597 proprie
1011 1505 1178 1575 remeavit

487 2031 532 2099 ire
560 2051 657 2099 mesre
686 2029 859 2118 minusqe·
880 2027 1088 2118 preceperit.

310 2243 388 2309 Rex
417 2243 644 2311 AEthelstenus
674 2244 811 2310 fretrem
850 2265 946 2310 snum
977 2241 1176 2309 Eedvinum
1216 2237 1313 2306 iussit
1324 2165 1467 2311 ἓξὲξ

263 2345 300 2410 in
327 2369 419 2412 mare
447 2346 620 2435 submergi
674 2346 778 2414 onus
802 2346 954 2413 factionis
983 2368 1080 2412 esuse
1115 2343 1185 2411 haee
1213 2341 1313 2408 nisse
1326 2327 1462 2444 wem

262 2451 428 2516 asseritur.
487 2447 570 2515 Erst
598 2449 635 2514 in
663 2449 808 2536 quedam
835 2450 917 2515 ville
945 2447 1183 2515 Westsnxoniae
1220 2443 1313 2532 opili-
1326 2459 1432 2510 Eadvin

264 2553 336 2618 ons
376 2551 453 2630 nn
492 2550 649 2640 elegantis
689 2551 808 2638 speciei
847 2551 966 2639 paena„
1033 2549 1096 2618 eui
1138 2527 1452 2646 dormiens333³„ssnott

264 2655 374 2719 visum
405 2658 455 2720 est
494 2654 608 2720 lunum
648 2654 690 2720 ds
725 2677 783 2721 suo
812 2660 928 2721 ventre
966 2652 1143 2740 splendere,
1184 2655 1219 2717 et
1254 2649 1314 2715 hoc

264 2756 390 2821 lumine
414 2761 521 2823 totam
549 2757 707 2845 Anglinm
735 2757 902 2823 illustrari.
956 2756 1051 2838 Quod
1081 2777 1153 2822 eum
1185 2753 1314 2819 cuidem

265 2863 433 2940 matronae,
472 2881 546 2948 quse
574 2882 692 2949 pueros
717 2862 823 2950 regios
851 2860 980 2927 nutrire
1009 2861 1229 2936 consueverat,
1266 2878 1316 2923 re-

267 2962 405 3040 tulisset,
454 2962 598 3051 puellam
634 2963 756 3051 rseepit
792 2964 829 3029 in
856 2962 990 3029 domum
1030 2984 1131 3044 suem,
1171 2966 1207 3027 et
1240 2959 1317 3026 filine

267 3062 339 3128 loco
367 3063 460 3129 illem
486 3064 671 3153 suscipiens,
704 3064 786 3131 cibis
815 3064 966 3131 delicatis
995 3063 1150 3143 nutrivit,
1181 3067 1217 3129 et
1245 3064 1344 3129 ves-'
1475 3062 1480 3069 '

267 3165 360 3230 tibus
389 3188 461 3231 earn
490 3168 683 3233 cultioribus
712 3167 865 3246 vestiens,
895 3171 992 3255 gestu
1029 3176 1063 3233 et
1092 3164 1238 3231 moribus
1267 3164 1319 3229 in-

267 3267 432 3336 formavit
487 3270 534 3335 Et
554 3291 623 3336 non
643 3270 750 3336 multo
782 3274 859 3359 pest
879 3269 1073 3347 Edwardus‚
1097 3267 1226 3333 Alfiedi
1248 3266 1319 3332 sive
1347 3268 1358 3307 ·'

268 3370 406 3436 Aluredi
436 3370 550 3459 mngni
570 3370 656 3460 regis
677 3372 774 3451 filius,
810 3394 887 3437 casu
920 3393 979 3458 per
999 3370 1114 3437 villum
1145 3367 1318 3447 transiens,

267 3471 313 3537 ed
344 3472 478 3539 domum
511 3474 656 3553 divertit,
691 3475 824 3540 eredens
853 3474 951 3539 fumes
981 3494 1050 3539 sure
1084 3472 1320 3539 detrimentum

134 3588 139 3600 ·
271 3572 403 3654 inferre,
419 3574 623 3641 sinutrieem
646 3598 721 3663 quae
744 3576 852 3663 ipsum
874 3574 1072 3642 educaverat
1094 3574 1207 3641 videre
1229 3572 1322 3639 fasti-

170 3684 179 3705 ·
270 3674 365 3741 diret
419 3674 492 3743 Ubi
512 3678 593 3745 visae
615 3678 734 3765 puellae
756 3683 872 3766 esptus
893 3699 1012 3757 amore,
1045 3682 1141 3744 noete
1163 3672 1321 3743 dormivit

267 3798 344 3843 eum
366 3798 405 3843 es
417 3802 427 3860 ;
458 3802 587 3867 unoque
609 3780 783 3868 complexu
815 3778 999 3869 gravidata,
1029 3782 1177 3867 tempore
1206 3782 1321 3867 pertus

269 3880 399 3968 peperit
429 3880 546 3961 filium,
592 3902 690 3970 quem
733 3888 870 3971 propter
901 3880 1002 3947 fidem
1039 3882 1158 3948 somnii
1189 3880 1322 3947 vocavit

268 3980 521 4051 AEehelsenun
581 3983 702 4072 Iteque
735 4006 811 4073 rege
840 3983 1006 4051 Eduardo
1040 3984 1203 4061 defuneto,
1233 3982 1322 4047 filins

269 4083 342 4150 eius
371 4082 611 4165 Ethelwnrdus,
639 4107 682 4153 ex
704 4086 854 4175 legitime
874 4084 1011 4173 coniuge
1044 4090 1228 4174 generatus,
1262 4106 1322 4171 pse

268 4190 357 4251 trem
387 4185 454 4252 cite
484 4187 591 4254 morie
621 4194 757 4276 sequtus
787 4194 847 4255 est
903 4186 995 4254 nuno
1029 4186 1175 4253 omnium
1208 4186 1322 4252 favore

268 4286 506 4373 AEthelstanne‚
538 4288 615 4355 lieet
649 4312 691 4355 ex
722 4288 903 4356 concubine
936 4294 1113 4377 susceptus,
1144 4288 1183 4354 in
1210 4310 1321 4375 regem

268 4390 393 4455 electus
429 4396 489 4470 est,
512 4396 621 4478 spreto
657 4390 806 4473 Edwino,
844 4391 993 4459 nondum
1029 4392 1073 4459 ed
1116 4392 1320 4480 regnandum

267 4500 405 4581 propter
436 4499 568 4561 teneros
599 4516 703 4562 annes
735 4491 872 4563 idoneo.¹
920 4495 963 4561 In
993 4494 1212 4583 Kyngestone
1240 4492 1321 4561 ville

631 4808 746 4877 ¹me
757 4809 887 4874 inidoneo,
897 4810 955 4865 ΜΒ.
