<?xml version="1.0" encoding="UTF-8"?>
<!DOCTYPE html PUBLIC "-//W3C//DTD XHTML 1.0 Transitional//EN"
    "http://www.w3.org/TR/xhtml1/DTD/xhtml1-transitional.dtd">
<html xmlns="http://www.w3.org/1999/xhtml" xml:lang="en" lang="en">
 <head>
  <title>
</title>
<meta http-equiv="Content-Type" content="text/html;charset=utf-8" />
  <meta name='ocr-system' content='tesseract 3.04.00' />
  <meta name='ocr-capabilities' content='ocr_page ocr_carea ocr_par ocr_line ocrx_word'/>
</head>
<body>
  <div class='ocr_page' id='page_1' title='image "./speculumhistori00mayogoog_0235.png"; bbox 0 0 3567 5800; ppageno 0'>
   <div class='ocr_carea' id='block_1_1' title="bbox 462 890 1241 958">
    <p class='ocr_par' dir='ltr' id='par_1_1' title="bbox 462 890 1241 958">
     <span class='ocr_line' id='line_1_1' title="bbox 462 890 1241 958; baseline 0.005 -6"><span class='ocrx_word' id='word_1_1' title='bbox 462 890 506 952; x_wconf 78' lang='lat'><strong>52</strong></span> <span class='ocrx_word' id='word_1_2' title='bbox 726 905 793 955; x_wconf 84' lang='lat' dir='ltr'><strong>nro.</strong></span> <span class='ocrx_word' id='word_1_3' title='bbox 817 906 865 954; x_wconf 83' lang='lat' dir='ltr'><strong>ne</strong></span> <span class='ocrx_word' id='word_1_4' title='bbox 886 905 1019 956; x_wconf 75' lang='lat' dir='ltr'><strong>monuo.</strong></span> <span class='ocrx_word' id='word_1_5' title='bbox 1042 905 1129 956; x_wconf 79' lang='lat' dir='ltr'><strong>senc.</strong></span> <span class='ocrx_word' id='word_1_6' title='bbox 1153 905 1241 958; x_wconf 80' lang='lat' dir='ltr'><strong>mer.</strong></span> 
     </span>
    </p>
   </div>
   <div class='ocr_carea' id='block_1_2' title="bbox 295 1183 1488 1305">
    <p class='ocr_par' dir='ltr' id='par_1_2' title="bbox 295 1183 1488 1305">
     <span class='ocr_line' id='line_1_2' title="bbox 295 1183 1488 1305; baseline -0.008 -22"><span class='ocrx_word' id='word_1_7' title='bbox 295 1183 452 1305; x_wconf 57' lang='lat' dir='ltr'><strong>{ffl-</strong></span> <span class='ocrx_word' id='word_1_8' title='bbox 479 1211 729 1281; x_wconf 65' lang='lat' dir='ltr'><strong>commemo.</strong></span> <span class='ocrx_word' id='word_1_9' title='bbox 779 1211 877 1298; x_wconf 67' lang='lat' dir='ltr'><strong>otoo</strong></span> <span class='ocrx_word' id='word_1_10' title='bbox 901 1210 1126 1281; x_wconf 67' lang='lat' dir='ltr'><strong>stottona</strong></span> <span class='ocrx_word' id='word_1_11' title='bbox 1150 1210 1242 1282; x_wconf 66' lang='lat' dir='ltr'><strong>orato</strong></span> <span class='ocrx_word' id='word_1_12' title='bbox 1263 1208 1488 1300; x_wconf 63' lang='lat' dir='ltr'><strong>supraemos</strong></span> 
     </span>
    </p>
   </div>
   <div class='ocr_carea' id='block_1_3' title="bbox 294 1312 1421 1436">
    <p class='ocr_par' dir='ltr' id='par_1_3' title="bbox 294 1312 1421 1436">
     <span class='ocr_line' id='line_1_3' title="bbox 294 1312 1421 1436; baseline 0.003 -59"><span class='ocrx_word' id='word_1_13' title='bbox 294 1317 423 1436; x_wconf 44' lang='lat' dir='ltr'><strong>{gap-⁰2</strong></span> <span class='ocrx_word' id='word_1_14' title='bbox 552 1313 767 1402; x_wconf 73' lang='lat' dir='ltr'><strong>coraprcgooit</strong></span> <span class='ocrx_word' id='word_1_15' title='bbox 790 1313 974 1384; x_wconf 74' lang='lat' dir='ltr'><strong>coercitum</strong></span> <span class='ocrx_word' id='word_1_16' title='bbox 998 1315 1176 1404; x_wconf 70' lang='lat' dir='ltr'><strong>copiosum</strong></span> <span class='ocrx_word' id='word_1_17' title='bbox 1198 1337 1237 1382; x_wconf 78' lang='lat' dir='ltr'><strong>ce</strong></span> <span class='ocrx_word' id='word_1_18' title='bbox 1258 1312 1421 1402; x_wconf 70' lang='lat' dir='ltr'><strong>paganis.</strong></span> 
     </span>
    </p>
   </div>
   <div class='ocr_carea' id='block_1_4' title="bbox 295 1469 1509 1564">
    <p class='ocr_par' dir='ltr' id='par_1_4' title="bbox 295 1469 1509 1564">
     <span class='ocr_line' id='line_1_4' title="bbox 295 1469 1509 1564; baseline -0.006 -23"><span class='ocrx_word' id='word_1_19' title='bbox 295 1500 427 1552; x_wconf 72' lang='lat' dir='ltr'><strong>netelton</strong></span> <span class='ocrx_word' id='word_1_20' title='bbox 508 1470 769 1542; x_wconf 77' lang='lat' dir='ltr'><strong>nmmwomos</strong></span> <span class='ocrx_word' id='word_1_21' title='bbox 798 1473 887 1541; x_wconf 79' lang='lat' dir='ltr'><strong>Clito</strong></span> <span class='ocrx_word' id='word_1_22' title='bbox 911 1475 1125 1564; x_wconf 85' lang='lat' dir='ltr'><strong>supradictus,</strong></span> <span class='ocrx_word' id='word_1_23' title='bbox 1147 1474 1189 1540; x_wconf 90' lang='lat' dir='ltr'><strong>dc</strong></span> <span class='ocrx_word' id='word_1_24' title='bbox 1210 1471 1361 1562; x_wconf 82' lang='lat' dir='ltr'><strong>partibus</strong></span> <span class='ocrx_word' id='word_1_25' title='bbox 1381 1469 1509 1536; x_wconf 88' lang='lat' dir='ltr'><strong>rediens</strong></span> 
     </span>
    </p>
   </div>
   <div class='ocr_carea' id='block_1_5' title="bbox 294 1567 1508 1684">
    <p class='ocr_par' dir='ltr' id='par_1_5' title="bbox 294 1567 1508 1684">
     <span class='ocr_line' id='line_1_5' title="bbox 294 1567 1508 1666; baseline 0.012 -28"><span class='ocrx_word' id='word_1_26' title='bbox 294 1567 418 1618; x_wconf 48' lang='grc' dir='ltr'><strong>ΜΕΝ·</strong></span> <span class='ocrx_word' id='word_1_27' title='bbox 461 1577 698 1656; x_wconf 82' lang='lat' dir='ltr'><strong>tronsmarinis,</strong></span> <span class='ocrx_word' id='word_1_28' title='bbox 749 1577 961 1666; x_wconf 74' lang='lat' dir='ltr'>congregavit</span> <span class='ocrx_word' id='word_1_29' title='bbox 1012 1577 1193 1644; x_wconf 85' lang='lat' dir='ltr'><strong>exercitum</strong></span> <span class='ocrx_word' id='word_1_30' title='bbox 1248 1576 1413 1664; x_wconf 75' lang='lat' dir='ltr'><strong>copiosum</strong></span> <span class='ocrx_word' id='word_1_31' title='bbox 1467 1593 1508 1638; x_wconf 71' lang='lat' dir='ltr'><strong>ex</strong></span> 
     </span>
     <span class='ocr_line' id='line_1_6' title="bbox 294 1634 390 1684; baseline 0 0"><span class='ocrx_word' id='word_1_32' title='bbox 294 1634 390 1684; x_wconf 74' lang='lat' dir='ltr'><strong>woldns</strong></span> 
     </span>
    </p>
   </div>
   <div class='ocr_carea' id='block_1_6' title="bbox 293 1677 1509 4210">
    <p class='ocr_par' dir='ltr' id='par_1_6' title="bbox 293 1677 1509 4210">
     <span class='ocr_line' id='line_1_7' title="bbox 293 1677 1509 1867; baseline -0.005 -19"><span class='ocrx_word' id='word_1_33' title='bbox 293 1699 432 1821; x_wconf 48' lang='lat' dir='ltr'><strong>itti?</strong></span> <span class='ocrx_word' id='word_1_34' title='bbox 460 1701 717 1849; x_wconf 56' lang='lat' dir='ltr'><strong>ittet</strong></span> <span class='ocrx_word' id='word_1_35' title='bbox 736 1679 1071 1860; x_wconf 47' lang='lat' dir='ltr'><strong>tibitibi</strong></span> <span class='ocrx_word' id='word_1_36' title='bbox 1086 1679 1330 1848; x_wconf 46' lang='lat' dir='ltr'><strong>inmitia</strong></span> <span class='ocrx_word' id='word_1_37' title='bbox 1348 1677 1509 1867; x_wconf 56' lang='lat' dir='ltr'><strong>,titt</strong></span> 
     </span>
     <span class='ocr_line' id='line_1_8' title="bbox 458 1879 1509 1952; baseline -0.005 -2"><span class='ocrx_word' id='word_1_38' title='bbox 458 1883 580 1950; x_wconf 88' lang='lat' dir='ltr'><strong>finibus</strong></span> <span class='ocrx_word' id='word_1_39' title='bbox 604 1885 790 1951; x_wconf 82' lang='lat' dir='ltr'><strong>adduxerat</strong></span> <span class='ocrx_word' id='word_1_40' title='bbox 811 1885 1046 1952; x_wconf 82' lang='lat' dir='ltr'><strong>transmarinis</strong></span> <span class='ocrx_word' id='word_1_41' title='bbox 1092 1885 1138 1951; x_wconf 87' lang='lat' dir='ltr'><strong>Et</strong></span> <span class='ocrx_word' id='word_1_42' title='bbox 1162 1884 1319 1950; x_wconf 81' lang='lat' dir='ltr'><strong>Merciam</strong></span> <span class='ocrx_word' id='word_1_43' title='bbox 1343 1879 1509 1948; x_wconf 69' lang='lat' dir='ltr'><strong>hostiliter</strong></span> 
     </span>
     <span class='ocr_line' id='line_1_9' title="bbox 456 1985 1509 2076; baseline -0.005 -23"><span class='ocrx_word' id='word_1_44' title='bbox 456 1987 629 2074; x_wconf 86' lang='lat' dir='ltr'><strong>ingressus,</strong></span> <span class='ocrx_word' id='word_1_45' title='bbox 644 1986 730 2053; x_wconf 85' lang='lat' dir='ltr'><strong>ferro</strong></span> <span class='ocrx_word' id='word_1_46' title='bbox 749 1992 784 2053; x_wconf 89' lang='lat' dir='ltr'><strong>et</strong></span> <span class='ocrx_word' id='word_1_47' title='bbox 805 1987 946 2053; x_wconf 88' lang='lat' dir='ltr'><strong>fiammis</strong></span> <span class='ocrx_word' id='word_1_48' title='bbox 970 2007 1108 2076; x_wconf 85' lang='lat' dir='ltr'><strong>quaeque</strong></span> <span class='ocrx_word' id='word_1_49' title='bbox 1130 1985 1194 2053; x_wconf 85' lang='lat' dir='ltr'><strong>sibi</strong></span> <span class='ocrx_word' id='word_1_50' title='bbox 1218 1987 1317 2052; x_wconf 85' lang='lat' dir='ltr'><strong>obvia</strong></span> <span class='ocrx_word' id='word_1_51' title='bbox 1339 2005 1509 2070; x_wconf 89' lang='lat' dir='ltr'><strong>consump-</strong></span> 
     </span>
     <span class='ocr_line' id='line_1_10' title="bbox 456 2089 1507 2177; baseline -0.005 -21"><span class='ocrx_word' id='word_1_52' title='bbox 456 2089 510 2156; x_wconf 88' lang='lat' dir='ltr'><strong>sit.</strong></span> <span class='ocrx_word' id='word_1_53' title='bbox 572 2089 717 2155; x_wconf 82' lang='lat' dir='ltr'>Tandem</span> <span class='ocrx_word' id='word_1_54' title='bbox 756 2112 830 2155; x_wconf 87' lang='lat' dir='ltr'><strong>cum</strong></span> <span class='ocrx_word' id='word_1_55' title='bbox 868 2089 982 2177; x_wconf 83' lang='lat' dir='ltr'><strong>praeda</strong></span> <span class='ocrx_word' id='word_1_56' title='bbox 1025 2089 1171 2156; x_wconf 85' lang='lat' dir='ltr'><strong>maxima</strong></span> <span class='ocrx_word' id='word_1_57' title='bbox 1217 2089 1394 2155; x_wconf 87' lang='lat' dir='ltr'><strong>inoffensus</strong></span> <span class='ocrx_word' id='word_1_58' title='bbox 1434 2107 1507 2152; x_wconf 89' lang='lat' dir='ltr'><strong>cum</strong></span> 
     </span>
     <span class='ocr_line' id='line_1_11' title="bbox 458 2189 1508 2281; baseline -0.003 -25"><span class='ocrx_word' id='word_1_59' title='bbox 458 2191 565 2258; x_wconf 88' lang='lat' dir='ltr'><strong>redire</strong></span> <span class='ocrx_word' id='word_1_60' title='bbox 601 2191 813 2280; x_wconf 70' lang='lat' dir='ltr'>disposuisset</span> <span class='ocrx_word' id='word_1_61' title='bbox 845 2193 889 2258; x_wconf 89' lang='lat' dir='ltr'><strong>ad</strong></span> <span class='ocrx_word' id='word_1_62' title='bbox 919 2193 1060 2281; x_wconf 90' lang='lat' dir='ltr'><strong>propria,</strong></span> <span class='ocrx_word' id='word_1_63' title='bbox 1099 2213 1161 2259; x_wconf 85' lang='lat' dir='ltr'><strong>rex</strong></span> <span class='ocrx_word' id='word_1_64' title='bbox 1190 2190 1374 2258; x_wconf 84' lang='lat' dir='ltr'><strong>Edwardus</strong></span> <span class='ocrx_word' id='word_1_65' title='bbox 1402 2189 1508 2254; x_wconf 88' lang='lat' dir='ltr'><strong>multo</strong></span> 
     </span>
     <span class='ocr_line' id='line_1_12' title="bbox 459 2287 1507 2382; baseline -0.002 -24"><span class='ocrx_word' id='word_1_66' title='bbox 459 2293 603 2359; x_wconf 89' lang='lat' dir='ltr'><strong>militum</strong></span> <span class='ocrx_word' id='word_1_67' title='bbox 639 2294 782 2381; x_wconf 89' lang='lat' dir='ltr'><strong>stipatus</strong></span> <span class='ocrx_word' id='word_1_68' title='bbox 810 2294 946 2381; x_wconf 86' lang='lat' dir='ltr'><strong>collegio</strong></span> <span class='ocrx_word' id='word_1_69' title='bbox 983 2287 1225 2382; x_wconf 76' lang='lat' dir='ltr'><strong>superveniens,</strong></span> <span class='ocrx_word' id='word_1_70' title='bbox 1263 2292 1507 2359; x_wconf 84' lang='lat' dir='ltr'><strong>Etbe1woldum</strong></span> 
     </span>
     <span class='ocr_line' id='line_1_13' title="bbox 459 2394 1507 2484; baseline -0.003 -23"><span class='ocrx_word' id='word_1_71' title='bbox 459 2417 573 2461; x_wconf 89' lang='lat' dir='ltr'><strong>versus</strong></span> <span class='ocrx_word' id='word_1_72' title='bbox 593 2395 798 2483; x_wconf 85' lang='lat' dir='ltr'><strong>Estangliam</strong></span> <span class='ocrx_word' id='word_1_73' title='bbox 822 2396 1003 2484; x_wconf 71' lang='lat' dir='ltr'><strong>fugientem</strong></span> <span class='ocrx_word' id='word_1_74' title='bbox 1028 2398 1221 2484; x_wconf 75' lang='lat' dir='ltr'><strong>insequitur.</strong></span> <span class='ocrx_word' id='word_1_75' title='bbox 1268 2396 1314 2462; x_wconf 84' lang='lat' dir='ltr'><strong>Et</strong></span> <span class='ocrx_word' id='word_1_76' title='bbox 1336 2394 1507 2461; x_wconf 88' lang='lat' dir='ltr'><strong>interduo</strong></span> 
     </span>
     <span class='ocr_line' id='line_1_14' title="bbox 459 2497 1508 2566; baseline -0.002 -3"><span class='ocrx_word' id='word_1_77' title='bbox 459 2499 580 2564; x_wconf 85' lang='lat' dir='ltr'><strong>fossata</strong></span> <span class='ocrx_word' id='word_1_78' title='bbox 609 2499 714 2565; x_wconf 89' lang='lat' dir='ltr'><strong>sancti</strong></span> <span class='ocrx_word' id='word_1_79' title='bbox 741 2499 911 2566; x_wconf 86' lang='lat' dir='ltr'><strong>Edmundi</strong></span> <span class='ocrx_word' id='word_1_80' title='bbox 941 2501 1035 2565; x_wconf 86' lang='lat' dir='ltr'><strong>iilum</strong></span> <span class='ocrx_word' id='word_1_81' title='bbox 1066 2523 1140 2566; x_wconf 88' lang='lat' dir='ltr'><strong>cum</strong></span> <span class='ocrx_word' id='word_1_82' title='bbox 1180 2499 1247 2566; x_wconf 84' lang='lat' dir='ltr'><strong>suis</strong></span> <span class='ocrx_word' id='word_1_83' title='bbox 1284 2498 1437 2565; x_wconf 89' lang='lat' dir='ltr'><strong>omnibus</strong></span> <span class='ocrx_word' id='word_1_84' title='bbox 1466 2497 1508 2561; x_wconf 88' lang='lat' dir='ltr'><strong>ad</strong></span> 
     </span>
     <span class='ocr_line' id='line_1_15' title="bbox 457 2600 1508 2689; baseline -0.004 -21"><span class='ocrx_word' id='word_1_85' title='bbox 457 2605 636 2688; x_wconf 72' lang='lat' dir='ltr'>campestre</span> <span class='ocrx_word' id='word_1_86' title='bbox 670 2603 824 2689; x_wconf 90' lang='lat' dir='ltr'><strong>proelium</strong></span> <span class='ocrx_word' id='word_1_87' title='bbox 852 2608 1073 2689; x_wconf 72' lang='lat' dir='ltr'><strong>praeparatum</strong></span> <span class='ocrx_word' id='word_1_88' title='bbox 1109 2603 1288 2682; x_wconf 89' lang='lat' dir='ltr'><strong>inveniens,</strong></span> <span class='ocrx_word' id='word_1_89' title='bbox 1319 2602 1406 2668; x_wconf 78' lang='lat' dir='ltr'><strong>foeta</strong></span> <span class='ocrx_word' id='word_1_90' title='bbox 1441 2600 1508 2664; x_wconf 86' lang='lat' dir='ltr'><strong>suis</strong></span> 
     </span>
     <span class='ocr_line' id='line_1_16' title="bbox 458 2703 1508 2793; baseline -0.004 -23"><span class='ocrx_word' id='word_1_91' title='bbox 458 2703 687 2770; x_wconf 72' lang='lat' dir='ltr'><strong>exhortatione</strong></span> <span class='ocrx_word' id='word_1_92' title='bbox 715 2705 813 2770; x_wconf 91' lang='lat' dir='ltr'><strong>irruit</strong></span> <span class='ocrx_word' id='word_1_93' title='bbox 849 2705 992 2772; x_wconf 83' lang='lat' dir='ltr'><strong>viriliter</strong></span> <span class='ocrx_word' id='word_1_94' title='bbox 1020 2706 1057 2771; x_wconf 90' lang='lat' dir='ltr'><strong>in</strong></span> <span class='ocrx_word' id='word_1_95' title='bbox 1086 2705 1180 2793; x_wconf 84' lang='lat' dir='ltr'><strong>ipsos</strong></span> <span class='ocrx_word' id='word_1_96' title='bbox 1241 2703 1308 2772; x_wconf 87' lang='lat' dir='ltr'><strong>Sed</strong></span> <span class='ocrx_word' id='word_1_97' title='bbox 1336 2704 1373 2769; x_wconf 92' lang='lat' dir='ltr'><strong>in</strong></span> <span class='ocrx_word' id='word_1_98' title='bbox 1401 2703 1508 2790; x_wconf 88' lang='lat' dir='ltr'><strong>prima</strong></span> 
     </span>
     <span class='ocr_line' id='line_1_17' title="bbox 458 2805 1507 2897; baseline -0.003 -25"><span class='ocrx_word' id='word_1_99' title='bbox 458 2807 683 2894; x_wconf 83' lang='lat' dir='ltr'><strong>congressione</strong></span> <span class='ocrx_word' id='word_1_100' title='bbox 716 2807 904 2873; x_wconf 89' lang='lat' dir='ltr'><strong>oeciderunt</strong></span> <span class='ocrx_word' id='word_1_101' title='bbox 941 2808 978 2873; x_wconf 93' lang='lat' dir='ltr'><strong>in</strong></span> <span class='ocrx_word' id='word_1_102' title='bbox 1010 2811 1105 2897; x_wconf 84' lang='lat' dir='ltr'><strong>parte</strong></span> <span class='ocrx_word' id='word_1_103' title='bbox 1139 2807 1224 2896; x_wconf 88' lang='lat' dir='ltr'><strong>regis</strong></span> <span class='ocrx_word' id='word_1_104' title='bbox 1262 2805 1443 2895; x_wconf 85' lang='lat' dir='ltr'><strong>Siguiphus</strong></span> <span class='ocrx_word' id='word_1_105' title='bbox 1472 2809 1507 2870; x_wconf 87' lang='lat' dir='ltr'><strong>et</strong></span> 
     </span>
     <span class='ocr_line' id='line_1_18' title="bbox 458 2911 1506 3002; baseline 0 -24"><span class='ocrx_word' id='word_1_106' title='bbox 458 2912 639 2980; x_wconf 86' lang='lat' dir='ltr'><strong>Sicbelmus</strong></span> <span class='ocrx_word' id='word_1_107' title='bbox 662 2914 828 3002; x_wconf 85' lang='lat' dir='ltr'><strong>primates,</strong></span> <span class='ocrx_word' id='word_1_108' title='bbox 856 2913 1059 2981; x_wconf 84' lang='lat' dir='ltr'><strong>Eadwoldus</strong></span> <span class='ocrx_word' id='word_1_109' title='bbox 1082 2921 1117 2982; x_wconf 89' lang='lat' dir='ltr'><strong>ct</strong></span> <span class='ocrx_word' id='word_1_110' title='bbox 1140 2914 1335 3002; x_wconf 86' lang='lat' dir='ltr'><strong>Kenulphus</strong></span> <span class='ocrx_word' id='word_1_111' title='bbox 1360 2911 1506 2991; x_wconf 78' lang='lat' dir='ltr'><strong>abbates,</strong></span> 
     </span>
     <span class='ocr_line' id='line_1_19' title="bbox 457 3014 1508 3105; baseline -0.002 -24"><span class='ocrx_word' id='word_1_112' title='bbox 457 3014 609 3082; x_wconf 83' lang='lat' dir='ltr'><strong>Sibertus</strong></span> <span class='ocrx_word' id='word_1_113' title='bbox 646 3021 681 3081; x_wconf 91' lang='lat' dir='ltr'><strong>et</strong></span> <span class='ocrx_word' id='word_1_114' title='bbox 718 3014 909 3082; x_wconf 86' lang='lat' dir='ltr'><strong>Eadbaldus</strong></span> <span class='ocrx_word' id='word_1_115' title='bbox 946 3038 1103 3105; x_wconf 78' lang='lat' dir='ltr'><strong>proceres,</strong></span> <span class='ocrx_word' id='word_1_116' title='bbox 1134 3020 1170 3083; x_wconf 88' lang='lat' dir='ltr'><strong>et</strong></span> <span class='ocrx_word' id='word_1_117' title='bbox 1199 3038 1274 3084; x_wconf 90' lang='lat' dir='ltr'><strong>cum</strong></span> <span class='ocrx_word' id='word_1_118' title='bbox 1311 3015 1377 3081; x_wconf 89' lang='lat' dir='ltr'><strong>illis</strong></span> <span class='ocrx_word' id='word_1_119' title='bbox 1409 3014 1508 3080; x_wconf 88' lang='lat' dir='ltr'><strong>multi</strong></span> 
     </span>
     <span class='ocr_line' id='line_1_20' title="bbox 456 3114 1506 3206; baseline 0 -25"><span class='ocrx_word' id='word_1_120' title='bbox 456 3116 583 3184; x_wconf 85' lang='lat' dir='ltr'><strong>nobiles</strong></span> <span class='ocrx_word' id='word_1_121' title='bbox 630 3121 829 3185; x_wconf 86' lang='lat' dir='ltr'><strong>corruerunt.</strong></span> <span class='ocrx_word' id='word_1_122' title='bbox 898 3117 942 3184; x_wconf 94' lang='lat' dir='ltr'><strong>In</strong></span> <span class='ocrx_word' id='word_1_123' title='bbox 982 3124 1078 3206; x_wconf 87' lang='lat' dir='ltr'><strong>parte</strong></span> <span class='ocrx_word' id='word_1_124' title='bbox 1122 3140 1201 3185; x_wconf 88' lang='lat' dir='ltr'><strong>vero</strong></span> <span class='ocrx_word' id='word_1_125' title='bbox 1247 3114 1506 3185; x_wconf 86' lang='lat' dir='ltr'><strong>adversariorum</strong></span> 
     </span>
     <span class='ocr_line' id='line_1_21' title="bbox 456 3218 1507 3309; baseline -0.001 -24"><span class='ocrx_word' id='word_1_126' title='bbox 456 3218 643 3287; x_wconf 87' lang='lat' dir='ltr'><strong>ceciderunt</strong></span> <span class='ocrx_word' id='word_1_127' title='bbox 676 3219 792 3309; x_wconf 78' lang='lat' dir='ltr'><strong>Inopus</strong></span> <span class='ocrx_word' id='word_1_128' title='bbox 828 3218 921 3287; x_wconf 86' lang='lat' dir='ltr'><strong>Hold</strong></span> <span class='ocrx_word' id='word_1_129' title='bbox 954 3227 989 3287; x_wconf 89' lang='lat' dir='ltr'><strong>et</strong></span> <span class='ocrx_word' id='word_1_130' title='bbox 1020 3220 1156 3289; x_wconf 84' lang='lat' dir='ltr'><strong>Osketcl</strong></span> <span class='ocrx_word' id='word_1_131' title='bbox 1193 3219 1285 3287; x_wconf 89' lang='lat' dir='ltr'><strong>Hold</strong></span> <span class='ocrx_word' id='word_1_132' title='bbox 1322 3220 1507 3287; x_wconf 83' lang='lat' dir='ltr'><strong>Britbricus</strong></span> 
     </span>
     <span class='ocr_line' id='line_1_22' title="bbox 456 3320 1507 3403; baseline -0.002 -15"><span class='ocrx_word' id='word_1_133' title='bbox 456 3330 492 3388; x_wconf 88' lang='lat' dir='ltr'><strong>et</strong></span> <span class='ocrx_word' id='word_1_134' title='bbox 513 3320 690 3389; x_wconf 90' lang='lat' dir='ltr'><strong>Nonothus</strong></span> <span class='ocrx_word' id='word_1_135' title='bbox 711 3323 855 3403; x_wconf 91' lang='lat' dir='ltr'><strong>comites,</strong></span> <span class='ocrx_word' id='word_1_136' title='bbox 875 3344 937 3389; x_wconf 81' lang='lat' dir='ltr'><strong>rex</strong></span> <span class='ocrx_word' id='word_1_137' title='bbox 958 3322 1091 3403; x_wconf 85' lang='lat' dir='ltr'><strong>Eanith,</strong></span> <span class='ocrx_word' id='word_1_138' title='bbox 1110 3328 1146 3389; x_wconf 90' lang='lat' dir='ltr'><strong>et</strong></span> <span class='ocrx_word' id='word_1_139' title='bbox 1169 3320 1258 3389; x_wconf 83' lang='lat' dir='ltr'><strong>Olito</strong></span> <span class='ocrx_word' id='word_1_140' title='bbox 1280 3322 1507 3388; x_wconf 85' lang='lat' dir='ltr'><strong>Ethelwoldus</strong></span> 
     </span>
     <span class='ocr_line' id='line_1_23' title="bbox 456 3424 1507 3503; baseline 0 -14"><span class='ocrx_word' id='word_1_141' title='bbox 456 3429 492 3490; x_wconf 90' lang='lat' dir='ltr'><strong>et</strong></span> <span class='ocrx_word' id='word_1_142' title='bbox 520 3426 628 3491; x_wconf 86' lang='lat' dir='ltr'><strong>multa</strong></span> <span class='ocrx_word' id='word_1_143' title='bbox 652 3424 746 3490; x_wconf 90' lang='lat' dir='ltr'><strong>milia</strong></span> <span class='ocrx_word' id='word_1_144' title='bbox 769 3431 964 3492; x_wconf 86' lang='lat' dir='ltr'><strong>ceterorum.</strong></span> <span class='ocrx_word' id='word_1_145' title='bbox 1011 3424 1084 3491; x_wconf 81' lang='lat' dir='ltr'><strong>Rex</strong></span> <span class='ocrx_word' id='word_1_146' title='bbox 1110 3446 1188 3491; x_wconf 87' lang='lat' dir='ltr'><strong>vero</strong></span> <span class='ocrx_word' id='word_1_147' title='bbox 1214 3424 1407 3503; x_wconf 81' lang='lat' dir='ltr'><strong>Edwardus,</strong></span> <span class='ocrx_word' id='word_1_148' title='bbox 1432 3446 1507 3491; x_wconf 89' lang='lat' dir='ltr'><strong>cum</strong></span> 
     </span>
     <span class='ocr_line' id='line_1_24' title="bbox 455 3526 1509 3616; baseline 0.002 -25"><span class='ocrx_word' id='word_1_149' title='bbox 455 3526 605 3593; x_wconf 82' lang='lat' dir='ltr'><strong>fortiores</strong></span> <span class='ocrx_word' id='word_1_150' title='bbox 634 3527 781 3593; x_wconf 85' lang='lat' dir='ltr'><strong>hostium</strong></span> <span class='ocrx_word' id='word_1_151' title='bbox 810 3550 943 3594; x_wconf 87' lang='lat' dir='ltr'><strong>suorum</strong></span> <span class='ocrx_word' id='word_1_152' title='bbox 974 3532 1159 3615; x_wconf 82' lang='lat' dir='ltr'><strong>peremptos</strong></span> <span class='ocrx_word' id='word_1_153' title='bbox 1197 3527 1410 3616; x_wconf 82' lang='lat' dir='ltr'><strong>cognovisset,</strong></span> <span class='ocrx_word' id='word_1_154' title='bbox 1439 3548 1509 3593; x_wconf 87' lang='lat' dir='ltr'><strong>sese</strong></span> 
     </span>
     <span class='ocr_line' id='line_1_25' title="bbox 456 3629 1507 3717; baseline 0.002 -23"><span class='ocrx_word' id='word_1_155' title='bbox 456 3629 499 3695; x_wconf 88' lang='lat' dir='ltr'><strong>de</strong></span> <span class='ocrx_word' id='word_1_156' title='bbox 535 3629 607 3695; x_wconf 86' lang='lat' dir='ltr'><strong>loco</strong></span> <span class='ocrx_word' id='word_1_157' title='bbox 643 3630 829 3695; x_wconf 87' lang='lat' dir='ltr'><strong>certaminis</strong></span> <span class='ocrx_word' id='word_1_158' title='bbox 865 3630 1031 3717; x_wconf 83' lang='lat' dir='ltr'><strong>sapienter</strong></span> <span class='ocrx_word' id='word_1_159' title='bbox 1067 3630 1241 3697; x_wconf 75' lang='lat' dir='ltr'><strong>subtraxit</strong></span> <span class='ocrx_word' id='word_1_160' title='bbox 1296 3630 1368 3697; x_wconf 90' lang='lat' dir='ltr'><strong>Nec</strong></span> <span class='ocrx_word' id='word_1_161' title='bbox 1399 3630 1507 3696; x_wconf 88' lang='lat' dir='ltr'><strong>multo</strong></span> 
     </span>
     <span class='ocr_line' id='line_1_26' title="bbox 455 3730 1506 3821; baseline -0.001 -23"><span class='ocrx_word' id='word_1_162' title='bbox 455 3735 534 3819; x_wconf 87' lang='lat' dir='ltr'><strong>post</strong></span> <span class='ocrx_word' id='word_1_163' title='bbox 561 3753 623 3797; x_wconf 88' lang='lat' dir='ltr'><strong>rex</strong></span> <span class='ocrx_word' id='word_1_164' title='bbox 652 3730 835 3797; x_wconf 83' lang='lat' dir='ltr'><strong>Edwardus</strong></span> <span class='ocrx_word' id='word_1_165' title='bbox 859 3753 972 3819; x_wconf 87' lang='lat' dir='ltr'><strong>pacem</strong></span> <span class='ocrx_word' id='word_1_166' title='bbox 999 3734 1181 3820; x_wconf 83' lang='lat' dir='ltr'><strong>composuit</strong></span> <span class='ocrx_word' id='word_1_167' title='bbox 1206 3754 1281 3799; x_wconf 90' lang='lat' dir='ltr'><strong>cum</strong></span> <span class='ocrx_word' id='word_1_168' title='bbox 1304 3733 1441 3821; x_wconf 77' lang='lat' dir='ltr'><strong>paganis</strong></span> <span class='ocrx_word' id='word_1_169' title='bbox 1469 3733 1506 3798; x_wconf 92' lang='lat' dir='ltr'><strong>in</strong></span> 
     </span>
     <span class='ocr_line' id='line_1_27' title="bbox 454 3831 1508 3923; baseline 0.002 -24"><span class='ocrx_word' id='word_1_170' title='bbox 454 3834 526 3901; x_wconf 90' lang='lat' dir='ltr'><strong>loco</strong></span> <span class='ocrx_word' id='word_1_171' title='bbox 556 3834 616 3921; x_wconf 86' lang='lat' dir='ltr'><strong>qui</strong></span> <span class='ocrx_word' id='word_1_172' title='bbox 645 3831 845 3921; x_wconf 82' lang='lat' dir='ltr'><strong>Ittingeford</strong></span> <span class='ocrx_word' id='word_1_173' title='bbox 883 3840 1104 3922; x_wconf 81' lang='lat' dir='ltr'><strong>nuncupetur.</strong></span> <span class='ocrx_word' id='word_1_174' title='bbox 1165 3834 1211 3900; x_wconf 83' lang='lat' dir='ltr'><strong>Et</strong></span> <span class='ocrx_word' id='word_1_175' title='bbox 1243 3835 1295 3901; x_wconf 89' lang='lat' dir='ltr'><strong>his</strong></span> <span class='ocrx_word' id='word_1_176' title='bbox 1328 3834 1378 3901; x_wconf 88' lang='lat' dir='ltr'><strong>ita</strong></span> <span class='ocrx_word' id='word_1_177' title='bbox 1406 3836 1508 3923; x_wconf 86' lang='lat' dir='ltr'><strong>gestis</strong></span> 
     </span>
     <span class='ocr_line' id='line_1_28' title="bbox 455 3932 1504 4025; baseline 0 -22"><span class='ocrx_word' id='word_1_178' title='bbox 455 3957 516 4003; x_wconf 87' lang='lat' dir='ltr'><strong>rex</strong></span> <span class='ocrx_word' id='word_1_179' title='bbox 546 3934 731 4001; x_wconf 81' lang='lat' dir='ltr'><strong>Edwardus</strong></span> <span class='ocrx_word' id='word_1_180' title='bbox 768 3932 927 4022; x_wconf 89' lang='lat' dir='ltr'><strong>quosdam</strong></span> <span class='ocrx_word' id='word_1_181' title='bbox 968 3934 1033 4002; x_wconf 88' lang='lat' dir='ltr'><strong>sibi</strong></span> <span class='ocrx_word' id='word_1_182' title='bbox 1070 3957 1130 4025; x_wconf 90' lang='lat' dir='ltr'><strong>per</strong></span> <span class='ocrx_word' id='word_1_183' title='bbox 1165 3936 1322 4024; x_wconf 85' lang='lat' dir='ltr'><strong>Angiiam</strong></span> <span class='ocrx_word' id='word_1_184' title='bbox 1359 3936 1504 4017; x_wconf 77' lang='lat' dir='ltr'><strong>rebellas,</strong></span> 
     </span>
     <span class='ocr_line' id='line_1_29' title="bbox 456 4036 1506 4122; baseline -0.001 -16"><span class='ocrx_word' id='word_1_185' title='bbox 456 4045 491 4106; x_wconf 87' lang='lat' dir='ltr'><strong>et</strong></span> <span class='ocrx_word' id='word_1_186' title='bbox 528 4038 672 4105; x_wconf 84' lang='lat' dir='ltr'><strong>maxime</strong></span> <span class='ocrx_word' id='word_1_187' title='bbox 717 4038 805 4105; x_wconf 89' lang='lat' dir='ltr'><strong>cives</strong></span> <span class='ocrx_word' id='word_1_188' title='bbox 852 4036 1095 4106; x_wconf 85' lang='lat' dir='ltr'><strong>Londonienses</strong></span> <span class='ocrx_word' id='word_1_189' title='bbox 1132 4044 1167 4106; x_wconf 88' lang='lat' dir='ltr'><strong>et</strong></span> <span class='ocrx_word' id='word_1_190' title='bbox 1213 4037 1424 4122; x_wconf 82' lang='lat' dir='ltr'><strong>Exonienses‚</strong></span> <span class='ocrx_word' id='word_1_191' title='bbox 1462 4038 1506 4105; x_wconf 84' lang='lat' dir='ltr'><strong>ad</strong></span> 
     </span>
     <span class='ocr_line' id='line_1_30' title="bbox 456 4140 1054 4210; baseline 0 -1"><span class='ocrx_word' id='word_1_192' title='bbox 456 4140 602 4209; x_wconf 89' lang='lat' dir='ltr'><strong>debitam</strong></span> <span class='ocrx_word' id='word_1_193' title='bbox 616 4140 852 4210; x_wconf 87' lang='lat' dir='ltr'><strong>subiectionem</strong></span> <span class='ocrx_word' id='word_1_194' title='bbox 877 4142 1054 4209; x_wconf 83' lang='lat' dir='ltr'><strong>revocavit.</strong></span> 
     </span>
    </p>
   </div>
   <div class='ocr_carea' id='block_1_7' title="bbox 283 4418 1112 4540">
    <p class='ocr_par' dir='ltr' id='par_1_7' title="bbox 283 4418 1112 4540">
     <span class='ocr_line' id='line_1_31' title="bbox 283 4418 1112 4540; baseline -0.004 -38"><span class='ocrx_word' id='word_1_195' title='bbox 283 4418 446 4540; x_wconf 53' lang='lat' dir='ltr'><strong>fflssffiffi‘b</strong></span> <span class='ocrx_word' id='word_1_196' title='bbox 858 4432 1112 4502; x_wconf 77' lang='lat' dir='ltr'><strong>Oorrruosrro.</strong></span> 
     </span>
    </p>
   </div>
   <div class='ocr_carea' id='block_1_8' title="bbox 281 4552 1508 4687">
    <p class='ocr_par' dir='ltr' id='par_1_8' title="bbox 281 4552 1508 4687">
     <span class='ocr_line' id='line_1_32' title="bbox 281 4552 1508 4687; baseline -0.007 -16"><span class='ocrx_word' id='word_1_197' title='bbox 281 4552 417 4671; x_wconf 64' lang='lat' dir='ltr'><strong>imo.</strong></span> <span class='ocrx_word' id='word_1_198' title='bbox 506 4596 617 4664; x_wconf 69' lang='lat' dir='ltr'><strong>emor</strong></span> <span class='ocrx_word' id='word_1_199' title='bbox 639 4594 728 4663; x_wconf 74' lang='lat' dir='ltr'><strong>ram</strong></span> <span class='ocrx_word' id='word_1_200' title='bbox 755 4600 887 4685; x_wconf 68' lang='lat' dir='ltr'><strong>empus</strong></span> <span class='ocrx_word' id='word_1_201' title='bbox 911 4598 1063 4687; x_wconf 59' lang='lat' dir='ltr'><strong>rongese</strong></span> <span class='ocrx_word' id='word_1_202' title='bbox 1089 4596 1216 4666; x_wconf 74' lang='lat' dir='ltr'><strong>cuso</strong></span> <span class='ocrx_word' id='word_1_203' title='bbox 1239 4596 1364 4665; x_wconf 66' lang='lat' dir='ltr'><strong>samua</strong></span> <span class='ocrx_word' id='word_1_204' title='bbox 1391 4596 1508 4685; x_wconf 65' lang='lat' dir='ltr'><strong>egena</strong></span> 
     </span>
    </p>
   </div>
   <div class='ocr_carea' id='block_1_9' title="bbox 280 4697 1508 4788">
    <p class='ocr_par' dir='ltr' id='par_1_9' title="bbox 280 4697 1508 4788">
     <span class='ocr_line' id='line_1_33' title="bbox 280 4697 1508 4788; baseline 0.007 -28"><span class='ocrx_word' id='word_1_205' title='bbox 280 4708 366 4760; x_wconf 69' lang='lat' dir='ltr'><strong>Dan</strong></span> <span class='ocrx_word' id='word_1_206' title='bbox 380 4710 412 4761; x_wconf 77' lang='lat' dir='ltr'><strong>or</strong></span> <span class='ocrx_word' id='word_1_207' title='bbox 460 4703 568 4764; x_wconf 87' lang='lat' dir='ltr'><strong>mater</strong></span> <span class='ocrx_word' id='word_1_208' title='bbox 609 4697 770 4765; x_wconf 81' lang='lat' dir='ltr'><strong>Edwardi</strong></span> <span class='ocrx_word' id='word_1_209' title='bbox 807 4701 903 4787; x_wconf 88' lang='lat' dir='ltr'><strong>regis,</strong></span> <span class='ocrx_word' id='word_1_210' title='bbox 932 4722 1008 4788; x_wconf 82' lang='lat' dir='ltr'><strong>quae</strong></span> <span class='ocrx_word' id='word_1_211' title='bbox 1043 4702 1278 4768; x_wconf 85' lang='lat' dir='ltr'><strong>monasterium</strong></span> <span class='ocrx_word' id='word_1_212' title='bbox 1317 4700 1508 4788; x_wconf 80' lang='lat' dir='ltr'><strong>Wyntoniae</strong></span> 
     </span>
    </p>
   </div>
   <div class='ocr_carea' id='block_1_10' title="bbox 278 4774 1453 4893">
    <p class='ocr_par' dir='ltr' id='par_1_10' title="bbox 278 4774 1453 4893">
     <span class='ocr_line' id='line_1_34' title="bbox 278 4774 1453 4893; baseline -0.001 -21"><span class='ocrx_word' id='word_1_213' title='bbox 278 4774 410 4893; x_wconf 46' lang='lat' dir='ltr'><strong>m*</strong></span> <span class='ocrx_word' id='word_1_214' title='bbox 461 4799 757 4869; x_wconf 83' lang='lat' dir='ltr'><strong>sanctimonialium</strong></span> <span class='ocrx_word' id='word_1_215' title='bbox 780 4806 1017 4882; x_wconf 81' lang='lat' dir='ltr'><strong>construxerat,</strong></span> <span class='ocrx_word' id='word_1_216' title='bbox 1040 4824 1082 4869; x_wconf 87' lang='lat' dir='ltr'><strong>ex</strong></span> <span class='ocrx_word' id='word_1_217' title='bbox 1106 4802 1167 4869; x_wconf 85' lang='lat' dir='ltr'><strong>hac</strong></span> <span class='ocrx_word' id='word_1_218' title='bbox 1190 4802 1262 4870; x_wconf 87' lang='lat' dir='ltr'><strong>luce</strong></span> <span class='ocrx_word' id='word_1_219' title='bbox 1286 4802 1453 4891; x_wconf 82' lang='lat' dir='ltr'><strong>migrauit</strong></span> 
     </span>
    </p>
   </div>
   <div class='ocr_carea' id='block_1_11' title="bbox 0 0 1788 5798">
    <p class='ocr_par' dir='ltr' id='par_1_11' title="bbox 0 0 1788 5798">
     <span class='ocr_line' id='line_1_35' title="bbox 0 0 1788 5798; baseline 0 0"><span class='ocrx_word' id='word_1_220' title='bbox 0 0 1788 5798; x_wconf 95' lang='lat' dir='ltr'><strong> </strong></span> 
     </span>
    </p>
   </div>
  </div>
 </body>
</html>
