3567 5800
425 867 472 916 ns
493 867 608 916 orsus
630 865 751 916 usuum
773 863 968 916 suun-rr.
990 850 1044 930 46,
1068 851 1119 920 47.
1234 851 1300 913 313

650 1295 730 1364 CAP.
752 1295 895 1363 XLVII.

447 1503 498 1569 Dc
520 1500 631 1569 utilite
654 1521 678 1567 c
700 1497 815 1568 simili
836 1499 951 1568 morbo
973 1508 1099 1568 cru-uto.

293 1707 389 1772 Esar
411 1705 463 1770 vir
487 1705 549 1771 istc
575 1705 683 1770 scriba
714 1705 830 1772 doctus
860 1703 898 1770 in
931 1728 1034 1794 regno
1065 1707 1230 1784 coelorum,
1267 1713 1301 1772 et
1388 1688 1392 1694 ⁴

246 1833 333 1897 saeps
355 1830 538 1874 sermonem
559 1805 667 1873 iussus
689 1807 795 1874 facere
816 1809 939 1894 populo
968 1809 1156 1895 proferebat
1178 1810 1219 1875 de
1242 1831 1302 1874 suo

246 1935 334 1980 nova
355 1918 390 1977 et
412 1915 534 1978 vetera
590 1909 724 1976 Accidit
746 1916 858 1976 autem
892 1916 968 1998 post
989 1917 1216 1999 recuperatam
1238 1911 1300 1977 tali

247 2015 404 2081 miraculo
438 2014 624 2092 sanitatem,
657 2018 697 2080 ut
719 2014 800 2080 anni
822 2013 933 2080 orbita
954 2014 1116 2080 naturalis
1147 2015 1300 2079 anniver-

245 2115 377 2183 sariam¹
410 2117 519 2182 denuo
556 2115 755 2182 sanctissimi
792 2117 879 2203 regis
918 2115 1076 2183 Edwardi
1109 2117 1300 2183 memoriam

247 2225 425 2286 revocarat.
472 2218 688 2284 confluxerat
710 2219 751 2284 de
774 2218 912 2285 civitate
934 2242 1003 2286 non
1025 2219 1163 2285 minima
1184 2219 1302 2284 multi·
1366 2295 1372 2309 Ι

246 2323 336 2399 tudo,
354 2329 397 2402 et,
413 2326 453 2386 ut
468 2321 607 2408 singulis
623 2326 838 2387 consueverat
852 2322 959 2402 annis,
974 2327 1045 2387 tam
1060 2321 1185 2410 vigiliis
1200 2344 1301 2409 quam

245 2426 419 2490 missarum
441 2423 621 2489 sollemniis
643 2423 686 2488 ob
709 2423 812 2510 ipsius
834 2422 975 2510 gloriam
996 2425 1156 2490 interesse
1178 2424 1301 2512 gaude·

246 2528 312 2592 bat.
374 2525 492 2591 Frater
525 2525 589 2591 iste
622 2526 727 2612 igitur
765 2526 806 2592 ab
844 2525 965 2592 abbate
1003 2527 1165 2593 secundus
1202 2529 1301 2593 sacris

243 2631 383 2695 indutus
404 2627 553 2694 vestibus
576 2649 616 2693 ea
636 2627 691 2693 dio
716 2627 760 2692 ad
782 2629 887 2695 altare
911 2629 1045 2694 missam
1076 2630 1301 2696 celebraturus

244 2734 387 2800 accessit.
444 2732 525 2797 Post
557 2731 731 2798 lectionem
765 2737 878 2800 autem
900 2734 1008 2800 sancti
1038 2734 1202 2822 evangelii
1222 2721 1300 2801 con·
1313 2757 1456 2808 semonia

245 2859 358 2903 versus
380 2834 423 2902 ad
457 2835 624 2923 populum,
658 2833 778 2902 habuit
800 2835 843 2901 ad
866 2858 922 2902 eos
944 2837 986 2902 de
1008 2836 1095 2925 regis
1121 2837 1299 2905 sanctitate
1311 2823 1452 2942 fflfffl

245 2939 343 3005 simul
377 2944 412 3004 et
446 2939 574 3003 virtute
607 2959 800 3004 sermonem.
874 2938 1083 3006 Praedicabat
1115 2940 1299 3007 beatissimi

245 3044 330 3129 regis
367 3040 601 3117 humilitatem,
648 3041 808 3106 laudabat
852 3043 1061 3129 patientiam,
1103 3043 1300 3130 pudicitiam

244 3144 451 3223 extollebat3
489 3143 607 3229 quanti
644 3165 724 3208 vero
761 3143 873 3207 meriti
912 3144 1022 3209 fuerat
1056 3143 1144 3231 apud
1179 3144 1298 3226 Deum,

244 3247 342 3313 certis
365 3245 598 3311 miraculorum
620 3246 743 3310 astruit
765 3245 978 3332 argumentis
1039 3245 1209 3311 Postremo
1232 3246 1299 3311 vir-

246 3354 354 3414 tutem
389 3350 458 3413 eius
492 3369 592 3434 quam
627 3368 716 3412 anno
749 3348 921 3435 praeterito
943 3352 1091 3413 senserat
1115 3347 1151 3413 in
1173 3370 1207 3414 se
1230 3348 1301 3436 ipso

244 3452 427 3539 producens
460 3450 498 3515 in
535 3450 690 3527 medium,
723 3472 836 3515 omnes
874 3451 917 3515 ad
950 3450 1119 3537 pietatem,
1158 3452 1302 3517 multos⁹

245 3554 347 3621 etiam
370 3554 414 3619 ad
435 3552 577 3639 suspiria
601 3552 817 3638 lacrimasque
839 3554 1027 3618 commovit.
1072 3554 1183 3620 Affuit
1205 3554 1300 3621 miles

244 3657 380 3744 quidam
423 3655 543 3742 regalis
580 3660 689 3720 custos
726 3654 844 3741 palatii
882 3654 1023 3721 Gerinus
1059 3658 1202 3738 nomine,
1241 3658 1299 3745 qui
1312 3682 1419 3734 eureos

244 3759 350 3846 typho
374 3748 542 3845 quartano
565 3778 623 3845 per
646 3756 714 3821 dies
737 3762 771 3822 et
794 3779 921 3823 menses
944 3760 1199 3845 supramodum
1222 3749 1456 3867 fati-{loffiiffiM

244 3867 343 3951 gatus
365 3860 487 3925 frustra
510 3858 547 3923 in
580 3859 723 3925 medicos
757 3860 865 3925 multa
899 3866 1153 3949 consumpserat.
1210 3863 1299 3929 Nam
1407 3854 1414 3866 ’

247 3962 381 4029 morbus
411 3985 473 4028 nec
502 3961 567 4028 sibi
593 3984 654 4028 nec
690 3962 757 4028 suis
780 3984 927 4049 parcens,
952 3964 1116 4030 sacculum
1150 3967 1298 4052 pecunia,

245 4066 406 4153 sanguine
428 4087 544 4153 corpus
573 4063 780 4130 exhauserat.
836 4065 984 4153 Spiritus
1007 4070 1077 4132 eius
1109 4073 1302 4134 attenuatus

239 4174 299 4247 est,
324 4175 357 4234 et
379 4168 485 4233 solum
509 4167 572 4234 sibi
595 4166 776 4233 videbatur
800 4189 968 4254 superesse
991 4168 1184 4255 sepulcrum.
1229 4171 1299 4234 Au-

246 4272 340 4336 diens
374 4275 486 4335 autem
519 4269 608 4334 huuc
639 4269 749 4334 virum
783 4292 842 4357 per
875 4270 996 4335 merita
1028 4270 1120 4335 beati
1143 4270 1301 4337 Edwardi

246 4373 346 4438 simili
370 4376 562 4459 exemptum
584 4371 737 4459 passioni,
759 4376 925 4458 conceptae
947 4371 1025 4437 fidei
1046 4395 1120 4461 spes
1139 4374 1299 4452 successit,

245 4562 480 4574 --.---—----

282 4687 514 4755 'anniuersarium
540 4685 748 4748 anniversarium,
779 4690 784 4779 Ι
832 4686 958 4755 ²multos]
977 4688 1138 4748 molossis,

246 4768 303 4819 MS.
779 4780 784 4826 1
