3567 5800
412 875 460 925 nn
481 874 599 926 emma
619 875 742 927 annau
764 873 964 926 anon-111.
989 859 1041 942 17,
1055 865 1104 926 18.
1241 862 1285 934 87

230 1064 372 1130 ferventi
394 1065 504 1137 furore
538 1085 744 1152 consurgens,
779 1065 866 1132 dixit
887 1064 993 1130 allum
1026 1065 1125 1130 nimis
1146 1071 1285 1132 temera-

231 1168 319 1234 n‘nm
340 1167 449 1246 fuisse,
483 1168 563 1234 dum
596 1169 683 1255 regis
715 1172 840 1235 secreta
872 1188 940 1234 non
973 1173 1111 1234 vocotus
1133 1167 1283 1234 intravit.

232 1269 353 1357 Sicque
374 1270 511 1336 beatum
534 1271 747 1336 Dunstanum
768 1270 887 1336 mulier
912 1270 1112 1356 nequissima
1133 1273 1284 1357 persequi

230 1395 297 1438 non
320 1375 467 1451 messuit,
491 1373 594 1439 donec
617 1373 731 1461 [regis]
755 1373 904 1439 animum
928 1378 1044 1438 contra
1058 1373 1280 1439 venerabilem

229 1474 384 1542 abbatam
406 1475 618 1542 Dunstanum
640 1477 677 1542 in
698 1476 811 1542 odium
833 1475 971 1542 mortale
993 1477 1165 1542 convertit.
1211 1475 1279 1542 Ita-

230 1599 293 1663 que
329 1577 476 1644 mulieris
512 1579 661 1644 animum
698 1577 847 1644 diabolus
885 1579 1031 1666 instigat,
1070 1579 1156 1666 regis
1192 1579 1276 1644 iram

230 1680 320 1745 volut
350 1681 455 1746 altera
488 1679 652 1746 Herodias
684 1679 878 1766 impiissima
906 1681 1025 1746 mulier
1061 1681 1197 1760 exaltat,
1219 1703 1278 1746 rex

99 1794 103 1800 “
229 1787 388 1868 tanquam
410 1804 517 1848 novus
549 1781 697 1850 Hemdes
729 1783 869 1849 emersit.
938 1782 1039 1849 Unde
1065 1785 1161 1850 ambo
1185 1783 1277 1850 Dun-

229 1891 324 1949 stano
346 1885 482 1950 exilium
504 1885 682 1952 intentant.
751 1885 797 1951 Et
829 1887 936 1972 primo
971 1885 1103 1970 quidem
1136 1890 1277 1972 urgente
1289 1882 1451 1937 Persecuaon

229 1989 312 2074 regis
335 1987 442 2054 edicto
473 2009 585 2053 omnes
618 1989 654 2052 in
686 1992 761 2053 tota
792 1987 915 2074 Anglia
947 1988 1121 2054 monastici
1154 1988 1279 2055 ordinis
1291 1950 1390 2072 gfff„

229 2090 386 2167 homines,
408 2090 501 2177 prius
531 2092 672 2156 nudatos
705 2089 903 2156 facultatum
926 2092 1058 2170 auxilio,
1081 2097 1156 2177 post
1179 2093 1280 2156 etiam

229 2193 417 2278 deportatos
439 2193 547 2272 exilio,
571 2193 816 2258 calamitatibus
830 2193 977 2280 indignis
992 2193 1108 2260 effecit.
1152 2195 1279 2261 Deinde

229 2316 302 2359 cum
324 2299 463 2359 ventum
500 2294 617 2359 fuisset
653 2294 871 2373 Glastoniam,
898 2299 932 2360 et
965 2295 1137 2382 descriptis
1175 2298 1279 2362 omni-

229 2397 289 2462 bus
312 2397 507 2461 Dunstanus
527 2397 729 2483 proscriptus
750 2397 875 2473 fuisset,
900 2397 988 2462 inter
1002 2397 1151 2464 lacrimas
1166 2421 1278 2464 mono·

228 2499 363 2566 eborum
385 2499 456 2565 eius
487 2521 590 2564 manu
620 2498 830 2578 nutritorum,
862 2499 952 2565 inter
978 2499 1124 2566 lamenta
1145 2501 1279 2568 venien-

227 2602 311 2669 tium
334 2600 379 2666 ad
401 2623 436 2668 se
457 2622 500 2666 ex
521 2601 674 2667 omnibus
706 2601 786 2668 locis
808 2600 996 2678 amicorum,
1019 2602 1108 2668 inter
1137 2604 1279 2690 gemitus

226 2725 407 2791 pauperum
430 2703 592 2770 consuetis
613 2703 786 2790 stipendiis
808 2725 867 2789 per
888 2703 1034 2790 singulos
1057 2704 1126 2770 dics
1148 2705 1191 2771 ab
1221 2707 1278 2772 illo

226 2810 455 2886 recreatorum,
478 2805 594 2872 audito
615 2810 665 2871 mi
688 2805 725 2870 in
755 2805 841 2870 atrio
863 2806 980 2892 templi
1001 2827 1069 2871 vox
1090 2807 1279 2893 plaudentis

227 2909 359 2989 diaboli,
398 2909 492 2995 quasi
529 2930 598 2975 vox
634 2908 818 2975 iuvenculas
854 2910 975 2975 acriter
1012 2912 1112 2995 atque
1150 2912 1279 2977 minute

227 3012 463 3077 cachinnantis.
519 3010 626 3091 Quem
657 3014 791 3077 sanctus
824 3032 939 3077 severa
961 3011 1068 3077 fronte
1091 3015 1278 3099 suspiciens,

229 3113 379 3193 “Nihil''
394 3114 450 3193 ait
476 3122 599 3200 “super
614 3113 713 3179 exilio
731 3135 804 3179 meo
827 3114 1010 3200 gratuleris,
1028 3116 1182 3199 quonism
1205 3117 1279 3202 plus

225 3224 275 3285 ast
297 3218 389 3303 quod
409 3239 462 3282 ma
483 3217 642 3282 redeunte
673 3216 791 3292 doleas,
813 3238 913 3301 quam
945 3216 1102 3302 quicquid
1123 3240 1176 3282 me
1199 3240 1278 3283 exu-

225 3321 315 3388 lante
349 3320 458 3387 laetari
490 3317 631 3385 valeas''
701 3318 757 3383 Ad
779 3319 869 3405 quod
901 3318 1025 3383 dictum
1048 3318 1164 3405 pallidi
1186 3322 1279 3407 regni

226 3424 367 3511 pallidus
404 3422 555 3487 minister
600 3422 746 3487 abcessit
822 3421 1017 3486 Dunstanus
1062 3426 1174 3487 autem
1212 3444 1277 3488 non

225 3527 398 3594 immemor
435 3525 524 3610 quod
559 3524 623 3589 sibi
653 3522 787 3589 divinus
818 3524 898 3589 olim
930 3523 1129 3591 citharoedus
1165 3526 1279 3611 praeci-

226 3630 344 3707 nuerit,
367 3630 468 3693 immo
490 3628 673 3693 Dominicae
686 3638 819 3692 'memor
839 3627 1070 3712 promissionis,
1087 3650 1152 3713 qua
1165 3628 1279 3695 beatos

226 3733 302 3813 fore,
325 3731 386 3817 qui
407 3752 467 3817 pro
490 3729 620 3795 institia
641 3729 902 3815 persecutionem
925 3730 1107 3815 patiuntur,
1126 3731 1278 3799 Christus

225 3836 372 3912 asseruit,
398 3833 581 3899 Gallicanas
614 3832 765 3898 secedens
798 3832 835 3897 in
855 3836 967 3917 partes
989 3834 1127 3899 exilium
1148 3840 1278 3901 coactus
1291 3850 1329 3900 Cf.
1342 3850 1405 3915 Rog.

226 3939 355 4025 petivit,
377 3936 578 4021 marinisque
599 3934 756 3999 fluctibus
789 3957 824 3999 se
855 3935 990 4001 tradens
1013 3958 1050 4001 ac
1072 3936 1153 4002 litus
1175 3938 1276 4003 attin-
1289 3916 1381 4033 ml·
1395 3918 1445 3968 Μὰ

225 4062 305 4129 gens
328 4038 586 4116 Flandritarum,
609 4058 717 4103 coram
748 4037 838 4103 illius
867 4042 966 4104 terrae
998 4039 1153 4126 principis
1176 4040 1277 4105 oculis
1289 4050 1414 4167 bv‘ss‘ss'gs

226 4145 368 4231 gratiam
409 4142 566 4221 invenit3
610 4140 831 4225 manebatque
868 4141 906 4206 in
942 4143 1141 4207 monasterio
1185 4142 1405 4251 beat1Dunstan

225 4247 326 4325 Petri,
349 4245 438 4331 quod
459 4244 561 4309 situm
595 4246 646 4308 est
677 4241 837 4321 Gandsvi,
868 4248 1043 4330 propterea
1074 4243 1161 4330 quod
1194 4244 1274 4310 illud
1288 4266 1412 4318 retii-esto

226 4350 340 4417 ceteris
361 4347 452 4413 illius
474 4346 615 4433 regionis
636 4345 841 4411 monasteriis
864 4350 898 4410 et
921 4345 1117 4431 professione
1139 4347 1276 4414 virtutis
1287 4334 1361 4451 ἰξυῖ
1361 4332 1433 4465 {²35⁵

224 4460 260 4520 et
279 4450 493 4539 philosophiae
526 4448 729 4515 documentis
762 4448 919 4513 excellere
950 4449 1134 4515 videbatur.
1203 4452 1416 4519 NecstGhens

225 4561 338 4622 tamen
371 4553 512 4620 cessavit
533 4574 656 4617 vesana
678 4551 825 4616 mulieris
846 4550 1000 4617 furientis
1024 4554 1161 4634 insania,
1195 4558 1276 4642 quin

224 4659 387 4736 omnibus,
411 4657 469 4742 qui
491 4656 601 4721 virum
635 4655 700 4719 Dei
722 4659 870 4741 tempore
901 4678 970 4721 suae
992 4658 1180 4725 recessionis
1202 4659 1276 4725 hos-

223 4762 308 4851 pitio
328 4760 491 4837 foverant,
514 4756 734 4845 perscrutatis
756 4757 955 4844 proscriptis,
979 4758 1150 4839 damnatis,
1174 4761 1278 4849 ipsius
