3567 5800
443 865 490 914 nu
513 866 629 916 orsrrs
652 867 772 917 sacru
794 867 992 920 suun—rr.
1017 855 1068 918 50.
1224 855 1287 919 321

240 1051 337 1116 laude
360 1051 494 1141 digram
514 1075 706 1140 summaque
728 1053 905 1141 diligentia
926 1054 1183 1142 persequendam
1204 1056 1289 1121 iudi-

241 1161 407 1220 caverrmt.
470 1156 617 1236 Quorum
640 1157 789 1222 omnium
819 1158 955 1223 consilio
984 1159 1135 1225 munitus
1169 1164 1203 1224 et
1233 1159 1290 1223 lit·

240 1257 320 1322 teris
342 1257 449 1324 dictus
472 1258 574 1324 abbas
596 1281 671 1326 cum
692 1261 741 1325 rei
763 1259 862 1326 huius
884 1260 1038 1326 effectum
1062 1261 1225 1348 praecipue
1249 1261 1290 1325 dc

241 1361 326 1448 regis
348 1361 479 1426 consilio
502 1368 536 1427 et
558 1362 731 1429 voluntate
757 1363 897 1450 pendere
920 1364 1127 1450 conspiceret,
1150 1364 1290 1428 adeum

241 1462 298 1550 qui
329 1468 408 1530 tunc
430 1465 467 1529 in
488 1465 716 1532 transmarinis
738 1466 890 1553 partibus
912 1467 1032 1552 agebat
1053 1467 1117 1531 iter
1139 1467 1289 1554 arripuit,

239 1566 474 1654 negotiumque
507 1589 603 1634 suum
638 1572 673 1633 et
704 1591 874 1634 commuue
910 1570 1015 1635 totius
1047 1569 1142 1656 regni
1171 1574 1289 1635 votum

240 1667 345 1734 eidem
367 1669 528 1756 patefecit
597 1671 742 1758 Moxque
765 1671 893 1738 Divina
916 1672 1098 1758 inspirante
1120 1672 1228 1759 gratia
1253 1672 1289 1737 in

240 1776 371 1837 tantum
401 1773 526 1860 placuit
551 1794 657 1839 sermo
680 1774 743 1840 iste
766 1774 804 1840 in
826 1774 929 1840 oculis
954 1775 1052 1862 regis,
1076 1779 1116 1839 ut
1142 1775 1289 1840 nondum

240 1874 433 1962 eompletam
471 1875 602 1941 abbatis
639 1876 834 1963 petitionem
873 1877 1017 1964 quadam
1051 1877 1204 1942 desiderii
1237 1879 1289 1941 sui

239 1976 402 2044 celeritate
425 1979 638 2065 praeveniens,
653 1979 756 2045 verba
778 1980 820 2045 de
842 2001 898 2045 ore
921 1979 1087 2066 loquentis
1109 1979 1289 2066 semiplena

238 2086 375 2166 raperet,
397 2088 431 2147 et
453 2082 542 2170 quod
564 2083 630 2148 iam
655 2082 713 2147 diu
736 2088 814 2148 ante
837 2083 878 2148 de
901 2083 999 2149 beato
1021 2105 1097 2170 rege
1119 2083 1157 2146 iu
1178 2088 1288 2148 mente

239 2189 429 2270 conceperat
458 2206 565 2250 coram
596 2205 630 2250 se
663 2186 779 2272 positis
812 2185 1014 2272 principibus
1045 2184 1195 2272 aperiret,
1219 2185 1288 2250 eius

238 2307 296 2370 per
327 2287 437 2352 omnis
467 2287 606 2353 laudans
629 2293 664 2354 et
685 2288 869 2374 praedicans
891 2288 1104 2354 sanctitatem
1132 2293 1167 2352 et
1197 2309 1289 2352 enar-

239 2408 316 2452 rans
353 2387 524 2468 mirabilia,
564 2411 638 2475 quse
676 2389 771 2456 fecit¹
810 2390 847 2454 in
884 2390 956 2455 vita
992 2412 1058 2456 sua
1121 2389 1288 2475 Regioque

240 2488 354 2574 itaque
399 2490 512 2556 farore
550 2491 712 2578 simulque
750 2492 886 2557 consilio
925 2491 980 2556 vir
1018 2492 1160 2557 devotus
1197 2512 1287 2577 spem

239 2591 405 2657 meliorem
442 2593 635 2680 concipiens,
674 2594 816 2680 acceptis
853 2594 1000 2659 eiusdem
1044 2593 1165 2659 litteris
1208 2592 1289 2658 satis

239 2693 413 2760 affectuose
456 2695 647 2782 conscriptis
691 2718 759 2762 una
803 2719 878 2762 cum
916 2696 1039 2761 litteris
1076 2695 1288 2782 archiepisco·

239 2817 356 2882 porum
387 2796 610 2883 episcoporum
633 2820 692 2884 per
713 2798 871 2885 Angliam
899 2799 1157 2864 constitutorum
1187 2797 1289 2861 abba-

241 2906 314 2963 tum
337 2922 465 2987 quoque
492 2901 699 2987 aliorumque
725 2901 849 2967 diversi
877 2902 1003 2967 ordinis
1025 2899 1172 2966 virorum
1196 2899 1288 2965 illus-

239 3001 349 3081 trium,
387 3002 431 3067 ad
476 3004 586 3069 sedem
624 3004 836 3091 apostolicam
881 3004 1009 3090 aliquos
1051 3004 1093 3069 de
1130 3002 1287 3067 frutribus

239 3103 426 3170 destinavit.
495 3104 623 3185 Quibus
669 3105 908 3193 perferentibus
950 3105 1009 3170 ubi
1046 3105 1089 3170 ad
1133 3104 1286 3169 notitiam

239 3206 365 3271 domini
388 3229 483 3296 papae
512 3209 651 3274 verbum
673 3209 776 3273 istum
800 3208 962 3295 pervenit,
988 3230 1047 3294 per
1068 3207 1195 3292 aliquot
1218 3207 1287 3271 dies

239 3310 392 3375 secretius
414 3316 448 3375 et
478 3310 659 3377 districtius
686 3333 760 3377 oum
790 3310 950 3377 fratribus
979 3309 1155 3374 sollicitam
1185 3309 1288 3395 ooepit

239 3435 337 3500 super
381 3412 441 3479 hoc
485 3413 605 3479 habere
653 3413 933 3480 deliberationem.
1004 3411 1106 3477 Libro
1151 3410 1287 3476 tandem

238 3514 469 3581 miraculorum
506 3516 653 3603 inspecto
691 3538 765 3604 quae
803 3538 861 3603 per
894 3519 1047 3581 sanctum
1084 3536 1180 3580 suum
1219 3513 1286 3580 Ed·
1415 3588 1418 3591 ⁴

238 3618 388 3683 wardum
412 3618 502 3683 Deus
527 3620 653 3705 operari
676 3620 833 3707 dignutus
857 3624 908 3685 est
930 3619 1000 3684 sive
1027 3619 1106 3684 dum
1131 3618 1168 3683 in
1192 3639 1288 3683 carno

239 3720 372 3786 mortali
408 3721 537 3787 viveret
573 3722 644 3787 sive
682 3728 857 3811 postquam
896 3722 937 3788 de
974 3722 1132 3810 praesenti
1168 3721 1287 3787 saeculo

239 3826 426 3909 assumptus
463 3828 521 3902 est,
559 3823 640 3889 visis
670 3825 770 3889 etiam
800 3825 923 3891 litteris
951 3826 1015 3912 pise
1052 3822 1287 3891 recordatiouis

241 3924 428 3991 Innocentii
456 3947 550 4013 papae
584 3948 682 4013 super
712 3926 826 3993 eadem
860 3949 896 3992 re
924 3926 1124 4013 conscriptis,
1147 3925 1287 4012 receptis

241 4028 343 4093 etiam
375 4027 601 4114 probabilibus
630 4028 716 4117 regis
746 4034 982 4114 tantorumque
1013 4028 1161 4094 virorum
1193 4028 1287 4100 testi-

239 4130 368 4211 moniis,
385 4130 562 4217 procedens
584 4130 736 4197 dominus
756 4152 843 4218 papa
863 4130 900 4193 in
921 4129 1098 4216 publicum,
1120 4128 1286 4195 communi

239 4234 379 4298 fratrum
409 4232 544 4299 consilio
573 4233 613 4299 de
645 4232 735 4299 beati
767 4233 853 4319 regis
882 4231 1120 4318 glorificatione
1150 4230 1285 4317 dignum

239 4334 460 4423 promulgavit
483 4336 705 4413 sententiam
731 4336 908 4401 decernens
931 4354 1005 4399 eum
1037 4333 1284 4424 insauctorum

239 4438 387 4524 catalogo
410 4437 627 4504 confessorum
643 4439 870 4505 ascribendum
893 4458 1074 4523 corpusque
1096 4435 1166 4500 eius
1187 4435 1286 4522 glori-

244 4643 495 4651 ..n-m

634 4778 731 4845 Ἀκεσᾶ]
750 4776 826 4837 otest,
838 4776 896 4829 us.

330 4888 404 4937 vos.
428 4890 464 4937 11.
1006 4850 1013 4862 ’
