3567 5800
65 4790 69 4873 i

468 896 515 945 nn
537 835 797 947 nnums‘snunn
818 897 918 947 suun
928 898 1011 947 -1v.
1204 884 1265 953 197

220 1080 263 1140 De
286 1090 382 1141 morte
405 1082 519 1141 Emmae
546 1083 659 1159 reginus
682 1082 853 1160 Anglorum
876 1082 981 1141 matris
1005 1084 1085 1161 regis
1112 1082 1265 1143 Edwardi.

261 1174 335 1253 Cap.
357 1194 411 1233 xx.

220 1266 303 1341 Quod
315 1287 373 1326 rex
385 1267 554 1327 Edwardns
567 1267 699 1327 inaniter
712 1267 837 1327 elussem
856 1268 1064 1345 congregavit.
1111 1267 1185 1345 Cap.
1200 1268 1265 1327 xxi.

221 1360 306 1433 Quod
324 1380 381 1419 rex
400 1360 569 1421 Edwardns
581 1360 732 1438 Algnrum
752 1359 891 1421 comitem
911 1362 1058 1422 exulavit.
1098 1360 1173 1440 Cap.
1187 1361 1265 1421 xxii.

221 1452 305 1526 Quod
327 1472 384 1512 rex
404 1453 573 1515 Edvnnius
596 1453 752 1517 revocavit
774 1460 913 1531 nepotem
937 1472 1032 1528 snum,
1054 1460 1090 1514 nt
1111 1461 1179 1531 post
1198 1473 1265 1513 eum

255 1551 403 1622 regnaret.
449 1544 523 1624 Cap.
543 1544 634 1605 xxiii.

220 1636 262 1696 De
282 1637 377 1714 psotis
396 1636 477 1697 inter
497 1638 666 1699 Hsroldnm
683 1644 715 1699 et
731 1638 836 1699 ducem
850 1638 1042 1697 willelmum.
1088 1637 1163 1717 Cap.
1176 1638 1264 1698 xxiv.

218 1730 264 1789 De
286 1737 440 1791 oontrsoto
459 1750 549 1809 quem
567 1750 608 1792 ex
627 1732 770 1793 mendsto
789 1732 888 1791 saneti
908 1730 994 1791 Petri
1020 1748 1076 1791 rex
1098 1731 1265 1791 Edwsrdus

255 1824 343 1882 dorso
363 1842 418 1883 suo
437 1824 561 1884 sustulit
581 1832 612 1883 et
632 1824 760 1884 sentivit.
806 1823 880 1903 Cap.
901 1843 977 1884 xxv.

221 1914 371 1989 Quomodo
407 1917 489 1977 inter
520 1917 678 1978 missorum
711 1916 866 1977 sollemnis
900 1915 1175 1978 christianissimus
1208 1936 1264 1976 rex

255 2009 423 2070 Edwsrdus
447 2019 479 2070 et
500 2021 611 2071 sanetus
631 2010 781 2069 memoriis
807 2028 906 2069 eomes
931 2009 1161 2069 Hereiordensis
1188 2008 1264 2069 Leo·

255 2103 347 2162 sricus
367 2103 476 2163 desum
496 2101 652 2163 Christum
672 2102 815 2163 viderunt
834 2103 867 2161 in
887 2102 986 2163 ulturi.
1033 2101 1107 2180 Cup.
1130 2103 1216 2161 xxvi.

219 2195 261 2255 De
287 2196 375 2255 ssuoe
401 2196 536 2256 mulieris
561 2214 652 2274 quem
679 2202 762 2257 tectu
789 2203 911 2256 sanctus
938 2195 1107 2255 Edwsrdns
1134 2196 1263 2257 sonavit.

260 2288 333 2368 Cap.
355 2289 454 2347 xxvii.

220 2381 262 2440 De
275 2400 352 2440 emon
370 2400 426 2458 per
438 2399 547 2457 nquam
560 2400 621 2458 qus
633 2400 739 2442 monus
753 2380 889 2441 ablueret
902 2390 1015 2441 ournto.
1062 2380 1136 2461 Cap.
1151 2382 1262 2441 xxviii.

219 2472 262 2558 De
280 2474 348 2533 eive
368 2473 575 2535 Lineolniensi
594 2473 733 2534 similiter
752 2482 866 2534 sonato.
912 2472 987 2553 Cap.
1007 2473 1098 2535 xxix.

220 2566 391 2705 Deccaesore
411 2566 560 2644 lignorum
577 2567 645 2627 visu
664 2567 771 2627 orbsto
789 2576 821 2627 et
840 2586 895 2645 per
914 2567 994 2645 regis
1014 2574 1129 2627 tootum
1149 2574 1262 2630 curato.

282 2667 333 2726 ap.
355 2665 435 2705 xxx.

220 2740 263 2799 Do
282 2740 383 2800 tribus
403 2739 490 2799 oseois
509 2748 541 2799 et
554 2759 614 2800 nno
632 2739 789 2799 monoculo
809 2739 933 2801 essetis.
978 2738 1052 2820 Cap.
1072 2740 1162 2799 xxxi.

220 2832 262 2891 De
282 2840 381 2892 morte
400 2831 517 2892 eomitis
538 2830 689 2892 Godvini.
734 2831 810 2912 Cap.
830 2832 931 2891 xxxii.

220 2926 263 2985 De
293 2925 460 2987 mutatione
498 2925 626 2986 luterum
666 2933 780 3004 septem
813 2927 1024 2986 dormientium
1059 2927 1087 2988 ei
1121 2927 1263 2988 revelate.

261 3019 332 3099 Cap.
355 3019 469 3078 xxxiii.

221 3113 263 3172 De
288 3113 379 3174 anulo
405 3131 495 3190 quem
522 3112 606 3172 dedit
632 3113 720 3172 besto
742 3111 878 3172 Johsnni
906 3113 1109 3190 evangelistes,
1131 3123 1163 3172 et
1189 3133 1264 3190 qno·

252 3208 337 3266 modo
357 3205 515 3282 receperit,
538 3213 571 3265 et
593 3205 630 3264 de
658 3204 800 3264 mundato
819 3204 917 3282 ipsius
938 3205 1139 3283 evangeliste.
1186 3205 1261 3285 Cap.

256 3318 365 3358 xxxsv.

219 3391 263 3451 Do
281 3391 470 3452 dedicatione
490 3390 622 3450 ecclesius
643 3389 904 3451 Westmousstesii
924 3399 955 3450 et
978 3391 1058 3468 regis
1078 3390 1262 3452 infirmitate.

260 3484 331 3564 cap.
352 3503 454 3543 xxxv.

219 3577 262 3637 Do
281 3579 407 3649 visione,
428 3595 519 3654 qutun
538 3576 617 3636 vidit
637 3577 751 3654 positus
772 3575 803 3634 in
824 3574 941 3652 ugoniu.
988 3573 1063 3656 Cap.
1085 3578 1194 3637 xxxvi.

220 3669 374 3747 Expositio
394 3670 490 3747 ipsius
509 3669 643 3728 visionis.
689 3667 763 3747 cop.
784 3669 905 3727 xxxvii.

220 3763 262 3822 Du
281 3763 397 3821 ultimis
417 3761 519 3822 verbis
539 3760 684 3821 Edwnrdi
711 3760 793 3838 regis
818 3769 850 3822 et
876 3761 962 3822 obitu
991 3762 1132 3823 eiusdem.
1187 3765 1262 3845 Gap.

257 3875 391 3914 xxxvm.

218 3946 261 4007 Do
280 3953 436 4008 contrecto
456 3947 495 4006 ud
514 3947 580 4006 eins
600 3946 749 4006 tumulum
769 3953 883 4007 senato.
930 3945 1006 4027 Cap.
1029 3949 1140 4008 xxxix.

219 4040 263 4100 Do
286 4061 340 4100 sex
364 4040 452 4100 eaeeis
478 4053 510 4099 et
536 4059 596 4099 uno
619 4041 775 4100 monoculo
798 4039 924 4100 adeius
951 4041 1121 4118 sepulerum
1143 4044 1262 4104 eunetis.

261 4133 334 4213 Cap.
356 4133 399 4191 xl.

220 4225 262 4285 De
282 4224 468 4285 revelatione
488 4244 554 4301 quse
575 4225 657 4284 litote
677 4231 725 4284 est
747 4225 867 4284 ouidum
891 4225 1002 4296 ebbnti,
1024 4233 1055 4285 et
1078 4227 1115 4286 de
1136 4227 1264 4288 victoria

257 4318 394 4380 Hersldi.
440 4316 514 4396 Cap.
533 4317 589 4376 xli.

220 4408 371 4483 Quomodo
391 4409 531 4488 opposuit
559 4411 592 4468 in
612 4409 739 4468 ecclesis
758 4409 876 4469 cuidem
898 4429 975 4469 caeeo
995 4416 1026 4469 et
1048 4413 1166 4472 coemit
1187 4432 1263 4474 eum.

261 4504 336 4584 Cap.
358 4503 423 4562 xlii.

220 4596 373 4670 Quomodo
398 4597 503 4657 beatus
526 4597 684 4656 Wlstsnus
708 4597 865 4674 episcopus
891 4597 1002 4657 iniuste
1030 4599 1184 4677 depositus
1212 4622 1266 4679 per

256 4693 400 4749 virtutem
430 4689 526 4749 ssnoti
557 4689 702 4750 Edwardi
734 4690 814 4768 regis
841 4689 935 4751 fuerit
962 4691 1128 4752 restitutus.
1189 4694 1264 4776 Cap.

257 4784 334 4842 xliii.
