3567 5800
445 891 493 941 nu
515 888 631 941 onemo
653 887 774 939 nnenn
796 886 989 941 enon-rr.
1009 874 1057 940 16.
1208 871 1274 944 237

221 1081 425 1147 oonseoruvit
463 1080 626 1147 dederunt
659 1078 816 1145 AEluredo
846 1079 926 1166 regi,
958 1084 993 1144 et
1030 1100 1111 1165 quae
1147 1078 1217 1165 ipee
1252 1085 1372 1165 alteia

157 1184 159 1191 ’
222 1183 449 1249 Kerlomeuno
487 1204 564 1270 rege
608 1182 810 1249 Francorum
855 1182 929 1247 deri
964 1180 1028 1247 eibi
1070 1182 1272 1269 impetravit,
1285 1156 1432 1273 ffiffto

222 1288 317 1353 ouius
339 1288 442 1352 filiam
473 1291 569 1374 pater
600 1286 670 1351 eius
692 1284 935 1372 AEthelwlphue
955 1306 1015 1351 rex
1037 1291 1113 1373 poet
1134 1290 1275 1352 mortem
1287 1288 1431 1356 neantey.

220 1390 338 1479 primae
371 1390 519 1478 ooniugie
541 1388 682 1455 duxerat
704 1409 861 1469 uxorem;
900 1409 1038 1475 qumque
1068 1387 1206 1476 abipso
1233 1390 1277 1455 ed

222 1514 440 1560 successorem
476 1492 545 1559 eius
577 1490 833 1570 AEtbebtonum
865 1490 986 1558 deinde
1005 1492 1062 1559 ‚ud
1099 1492 1276 1579 Edgarum,

222 1596 267 1661 ad
290 1596 447 1661 ultimum
470 1594 514 1661 ed
546 1615 606 1661 nos
636 1599 877 1682 pervenerunt;
915 1593 1040 1661 scilieet
1062 1594 1144 1661 duee
1169 1601 1279 1683 portes

222 1699 329 1766 erucis
378 1696 525 1776 Domini,
565 1702 600 1764 et
645 1700 775 1783 purtem
820 1697 919 1763 unius
956 1696 1050 1775 clevi,
1086 1702 1280 1785 partemque

223 1802 349 1869 tnnieae
388 1802 457 1867 eine
495 1800 713 1879 inconsutilis,
760 1804 794 1867 et
832 1799 872 1867 de
907 1801 1113 1868 vestimentis
1150 1801 1280 1869 Sonotae

224 1891 350 1985 Morino,
373 1910 408 1970 et
431 1903 585 1991 reliquiae
608 1904 829 1990 apostolorum
845 1903 937 1971 Petri
959 1910 994 1971 et
1008 1905 1112 1987 Pauli,
1127 1906 1280 1989 Andreae,

224 2006 470 2086 Bartholomaei,
495 2004 666 2085 Bernabae,
690 2010 726 2071 et
756 2007 896 2073 oliorum
917 2008 1134 2095 plurimorum
1155 2013 1282 2076 nuncto

223 2134 309 2189 rum,
335 2116 369 2176 et
392 2112 539 2197 quinque
554 2130 667 2196 eopeee
690 2109 764 2175 eliis
779 2114 969 2175 sanctorum
990 2110 1137 2199 reliquiis
1158 2114 1281 2200 plenae

225 2215 273 2281 Et
294 2212 408 2292 statui,
433 2218 474 2279 ut
488 2213 679 2298 quicunque
702 2232 778 2277 reus
793 2213 978 2280 maiestatis
991 2214 1092 2303 regim
1105 2214 1161 2282 vel
1176 2218 1282 2283 cuiue-

137 2309 140 2324 '
222 2318 309 2383 libet
332 2316 470 2382 ulterius
496 2314 630 2381 offeneee
662 2315 705 2383 ed
735 2315 843 2383 locum
874 2318 1005 2404 inquo
1033 2324 1177 2406 pausent
1208 2320 1282 2387 istae

222 2419 376 2505 reliquiae
391 2419 584 2507 confugerit,
601 2418 671 2485 eius
686 2419 734 2483 rei
749 2424 784 2486 et
798 2420 1018 2487 membrorum
1033 2442 1070 2487 uo
1083 2422 1162 2489 vitae
1176 2424 1283 2511 impu·

222 2522 369 2589 nitatem
393 2528 620 2608 consequatur.
682 2520 808 2589 Eodem
824 2522 878 2589 die
893 2524 1061 2604 renovavi,
1078 2525 1281 2606 confirmavi,

219 2630 258 2691 et
282 2624 456 2691 emendavi
477 2624 654 2712 privilegio
676 2646 750 2711 quoe
772 2626 1007 2693 famosissimus
1029 2650 1110 2694 avus
1133 2629 1282 2717 Edgnrue

223 2734 429 2817 patruusque
460 2749 553 2793 meus
569 2727 641 2792 Deo
664 2726 817 2794 amabilis
839 2750 900 2795 rex
921 2735 957 2795 et
973 2735 1104 2817 martyr
1124 2732 1282 2819 gloriosus

226 2832 416 2899 Edwardus
439 2830 584 2897 eiusdem
609 2830 733 2918 Edgrui
759 2832 847 2899 filius
874 2838 910 2898 et
937 2834 1163 2903 sanctissimus
1188 2841 1282 2924 puter

228 2937 429 3002 Dunetomu
446 2935 696 3001 Centuariensie
711 2935 974 3024 arehiepieoopue
987 2960 1025 3005 eo
1039 2939 1207 3025 piissimus
1221 2963 1281 3007 rex

224 3038 439 3106 AEthehedue
470 3041 566 3125 puter
597 3060 690 3104 moue
711 3037 761 3105 illi
783 3039 853 3104 loeo
884 3040 1104 3108 eontulemnt
1168 3043 1277 3108 Meam
1290 3071 1431 3138 Privileges

223 3163 357 3230 quoque
381 3141 615 3208 auctoritatem
646 3141 760 3222 adieci,
792 3147 1009 3228 augmentans
1029 3144 1159 3211 decreto
1181 3139 1391 3213 utilio⁰f²¹¹⁰'

224 3233 451 3310 admonitione
462 3243 699 3310 venerabilium
723 3244 1038 3333 arehiepisooporum
1061 3247 1215 3335 Stigandi
1244 3255 1279 3314 et
1292 3207 1378 3271 abbey.

226 3347 376 3412 AEldredi
392 3351 427 3411 et
441 3346 580 3412 aliorum
596 3345 796 3434 optimatum
812 3369 977 3428 meorum;
992 3349 1155 3427 videlieet,
1170 3350 1279 3417 utillo

224 3451 318 3516 looue
344 3447 380 3514 in
403 3455 597 3536 perpetuum
620 3449 663 3514 ab
679 3449 770 3516 omni
793 3450 940 3517 saeouan
963 3451 1097 3518 servitio
1119 3452 1280 3534 eitliber;

225 3557 262 3618 et
284 3552 464 3618 seeundum
486 3552 576 3618 beuti
599 3551 769 3618 Benedicti
791 3551 1021 3630 „traditionem
1042 3561 1119 3642 poet
1152 3555 1281 3623 obitum

226 3654 360 3721 obbatis
398 3676 440 3722 ex
478 3654 592 3720 eudem
630 3655 882 3743 congregatione
918 3656 1061 3745 eligetur
1096 3658 1181 3726 ulter
1223 3661 1281 3747 qui

223 3759 346 3846 dignus
375 3757 439 3838 eit3
482 3754 632 3823 eliorum¹
668 3780 747 3824 vero
779 3758 902 3837 nullus,
935 3759 1001 3826 nisi
1031 3760 1134 3849 crrlpie
1155 3783 1282 3851 prome-

224 3859 377 3927 rentibus
407 3859 490 3925 inibi
519 3860 660 3926 inveniri
692 3861 882 3947 nequiverit
915 3863 973 3949 qui
1004 3865 1125 3952 dignus
1154 3866 1200 3930 uit
1220 3866 1282 3932 teli

226 3963 333 4028 officio
349 3963 452 4049 fungi.
500 3961 598 4042 Quod
622 3963 651 4028 ei
674 3964 830 4045 evenerit,
854 3965 944 4049 quod
966 3966 1062 4045 absit,
1085 3972 1281 4054 potestatem

225 4067 374 4132 habeant
385 4065 425 4132 de
441 4065 507 4131 ulio
530 4069 611 4132 noto
635 4071 669 4132 et
691 4066 845 4132 familiari
868 4066 938 4134 loco
959 4068 1115 4136 abbatem
1129 4071 1280 4158 eligendi,

228 4169 323 4234 ouius
346 4168 419 4234 vita
441 4168 605 4255 sapientie
637 4173 672 4234 et
706 4169 862 4257 religione
885 4170 1048 4237 olereeoet.
1109 4173 1281 4241 Leioorum

230 4277 343 4337 nutem
366 4271 418 4336 vel
443 4271 633 4338 clericorum
655 4292 751 4337 nemo
773 4273 876 4360 ipsius
898 4272 961 4338 loci
984 4273 1166 4342 dominium
1189 4299 1283 4344 usur·

228 4396 307 4462 pere
335 4378 519 4460 preeeumat.
565 4373 783 4442 Possessionee
806 4395 892 4456 vero,
920 4397 994 4462 quoe
1019 4377 1068 4444 ibi
1097 4401 1118 4443 e
1146 4380 1283 4467 quibun-

227 4499 356 4563 cunque
399 4476 532 4544 donetae
562 4482 650 4555 sunt,
682 4499 748 4543 non
785 4477 896 4557 ebbae,
928 4500 996 4544 non
1025 4480 1091 4546 ulie
1127 4484 1282 4568 quaelibet

230 4601 371 4667 persone
385 4579 551 4644 licentium
574 4579 696 4645 habeat
711 4581 876 4647 vendendi
898 4582 952 4647 vel
974 4585 1139 4651 extraneis
1162 4587 1262 4653 dandi
1274 4613 1283 4666 ;

232 4748 501 4758 .-...----—-——

578 4836 584 4866 ¹
598 4834 713 4905 ulier-un]
732 4837 848 4899 nlorrum,
860 4837 916 4890 MS.
