3567 5800
529 873 598 935 112.
795 884 860 933 mc
883 884 930 933 us
952 882 1087 932 musso.
1109 884 1197 933 seno.
1220 883 1306 931 srsr.

526 1070 670 1158 optione,
693 1074 733 1136 ut
756 1074 815 1136 sut
845 1070 1040 1157 regulariter
1054 1070 1214 1151 viverent,
1237 1074 1296 1136 sut
1321 1070 1393 1135 loco
1416 1070 1565 1145 oederent

525 1174 630 1261 magis
652 1173 758 1238 vitum
792 1172 923 1237 mollem
958 1173 1140 1259 elegissent,
1174 1178 1255 1238 tunc
1291 1172 1330 1237 in
1368 1176 1441 1237 toto
1469 1171 1566 1235 insula

525 1276 659 1342 incertis
691 1276 901 1363 vagabantur
938 1276 1079 1341 sedibus.
1149 1274 1351 1341 Monosticus
1396 1275 1475 1340 ordo
1507 1276 1565 1340 iem

527 1380 655 1445 dudum
676 1377 788 1466 lapsus
810 1384 891 1445 tunc
913 1385 1012 1466 ceput
1034 1378 1149 1445 erexit.
1210 1378 1303 1443 Inter
1327 1377 1399 1444 haec
1420 1378 1566 1465 gloriosus
1679 1447 1683 1460 ,

525 1504 584 1547 rex
600 1482 752 1569 Edgsms
773 1504 848 1547 cum
871 1482 1029 1569 episcopis
1051 1482 1196 1567 virisque
1219 1480 1419 1545 doctissimis
1444 1482 1484 1546 de
1504 1481 1565 1563 legs

526 1585 589 1651 Dei
618 1589 654 1651 et
683 1584 783 1651 sceris
816 1584 922 1651 literis
955 1584 1151 1665 conferebat,
1186 1587 1220 1648 et
1247 1583 1335 1668 quod
1361 1584 1433 1669 ipse
1455 1583 1565 1648 discere

524 1693 656 1776 poteret
686 1686 837 1753 subditos
868 1688 984 1754 docere
1015 1709 1081 1753 non
1116 1685 1221 1753 solum
1254 1686 1356 1751 verbo
1387 1686 1445 1752 sed
1476 1686 1565 1753 etism

523 1790 674 1879 exemplo
704 1791 884 1877 sategebat
946 1790 1095 1876 Cumque
1132 1790 1306 1877 diligenter
1343 1790 1564 1877 episcoporum,

523 1894 721 1972 clericorum,
746 1898 781 1957 et
802 1892 1035 1959 monachorum
1066 1892 1174 1959 vitem
1203 1897 1237 1957 et
1268 1914 1374 1957 mores
1398 1891 1564 1977 investige-

524 2000 614 2064 tione
636 1996 891 2084 prudentissime
913 1996 1090 2077 didicisset,
1105 1995 1230 2062 voeatis
1253 1996 1297 2061 sd
1317 2017 1352 2060 se
1368 1996 1562 2061 ecelesiarum

522 2105 558 2165 et
587 2100 858 2165 monasteriorum
880 2098 1091 2187 presbyteris,
1124 2120 1198 2164 cum
1229 2098 1276 2164 eis
1299 2099 1486 2163 huiusmodi
1508 2120 1562 2162 ser·

523 2224 654 2267 monem
676 2202 802 2268 babuit.

589 2520 844 2587 (lenunculo,
888 2518 1007 2587 Sermo
1028 2518 1119 2602 repis
1139 2518 1273 2605 Edpart
1294 2518 1342 2585 ad
1367 2518 1507 2587 oleum

440 2702 470 2779 ·⁸
569 2726 768 2807 “Quorsum
783 2725 1010 2813 magnificavit
1025 2725 1189 2791 Dominus
1211 2725 1466 2791 misericordiam
1480 2746 1561 2791 sunm

487 2846 492 2853 ·
521 2830 626 2896 facere
657 2830 834 2908 nobiscum,
868 2828 1007 2916 dignum
1037 2832 1099 2906 est,
1123 2850 1143 2893 o
1170 2833 1280 2915 potres
1306 2830 1561 2902 reverentissimi,

493 2934 560 2998 'ut
597 2934 777 2998 innumeris
823 2931 990 2997 beneficiis
1034 2931 1124 2996 illius
1167 2931 1275 3017 dignis
1319 2933 1561 3018 respondeamus

520 3035 682 3122 operibus.
726 3034 844 3119 Neque
877 3033 966 3098 enim
1004 3033 1040 3097 in
1077 3033 1187 3118 gladio
1219 3039 1330 3098 nostro
1370 3035 1561 3120 possedimm

519 3145 650 3216 terrem
681 3141 716 3202 et
747 3136 936 3201 bracchium
968 3139 1118 3200 nostrum
1150 3157 1217 3202 non
1249 3135 1393 3201 salvavit
1426 3159 1491 3216 nos,
1512 3136 1560 3200 sed

519 3239 657 3305 dextere
690 3239 761 3304 eius
795 3243 829 3304 et
862 3237 1051 3303 bracchium
1082 3242 1233 3304 sanctum
1272 3237 1374 3316 eius,¹
1416 3239 1558 3325 quoniam

518 3343 702 3429 conplacuit
731 3341 782 3406 illi
816 3340 854 3404 in
883 3341 987 3405 nobis.
1054 3339 1151 3406 Istud
1181 3339 1317 3426 proinde
1350 3346 1410 3420 est,
1443 3348 1482 3407 ut
1510 3341 1559 3427 qui

518 3447 630 3510 omnic
658 3443 798 3509 subiecit
827 3442 890 3508 sub
920 3441 1059 3529 pedibus
1089 3443 1218 3522 nostris,
1242 3441 1443 3509 subiciamus
1464 3444 1512 3510 illi
1532 3447 1560 3508 et

517 3569 577 3612 nos
599 3547 726 3612 animas
748 3551 886 3624 nostres,
910 3549 952 3623 ct,
976 3548 1016 3608 ut
1046 3543 1081 3608 hi
1112 3565 1194 3629 quos
1216 3543 1312 3610 nobis
1333 3545 1485 3612 subdidit
1499 3548 1559 3612 eius

517 3648 705 3713 subdantur
726 3647 864 3736 legibus,
896 3646 1099 3713 elaboremus
1128 3667 1195 3711 non
1219 3649 1372 3733 segniter.
1430 3649 1476 3716 Et
1497 3670 1560 3714 meo

517 3749 652 3836 quidem
684 3750 823 3817 interest
859 3749 958 3814 laicos
992 3769 1067 3815 cum
1105 3749 1272 3835 aequitstis
1309 3750 1380 3815 iure
1419 3757 1558 3824 tractore,

518 3855 605 3918 inter
627 3852 737 3917 virum
760 3858 795 3918 et
809 3853 999 3939 proximum
1014 3874 1110 3917 suum
1125 3853 1250 3917 iustum
1273 3852 1433 3919 iudicium
1455 3854 1559 3932 facem,

518 3956 633 4043 punire
663 3954 842 4041 sacrilegos,
874 3953 1010 4019 rebelles
1040 3954 1260 4040 comprimere,
1292 3955 1418 4040 eripere
1439 3956 1559 4042 inopem

517 4060 558 4124 de
579 4080 681 4123 manu
703 4057 875 4123 fortiorum
898 4057 978 4137 eius,
995 4079 1134 4144 egenum
1156 4062 1190 4122 et
1213 4079 1388 4144 pauperem
1414 4079 1434 4122 a
1456 4057 1559 4144 diripi-

517 4162 649 4226 sntibus
672 4182 766 4238 eum;
790 4159 849 4225 sed
871 4165 906 4225 et
927 4181 1009 4226 mese
1031 4159 1263 4226 sollicitudinis
1285 4167 1344 4241 est,
1362 4161 1558 4227 ecclesiarum

516 4263 685 4341 ministris,
720 4260 876 4349 gregibus
908 4261 1151 4338 monachorum,
1183 4261 1290 4328 choris
1324 4263 1500 4350 virginum,
1529 4269 1559 4328 et

515 4366 695 4431 necessarie
717 4385 897 4452 procurare,
915 4373 948 4429 et
969 4364 1043 4450 proi
1066 4385 1179 4430 eorum
1202 4386 1241 4430 so
1263 4365 1369 4451 quieti
1395 4367 1559 4432 consulere.

515 4467 565 4530 De
587 4487 729 4552 quorum
758 4467 906 4531 omnium
936 4466 1083 4531 moribus
1113 4467 1154 4532 sd
1178 4487 1237 4532 vos
1268 4473 1396 4553 spectet
1418 4491 1558 4549 examen,
