3567 5800
488 837 535 884 nn
557 835 671 886 unsrrs
693 838 813 888 ancum
834 838 1033 890 sucu-111.
1051 825 1078 886 6.
1271 825 1314 894 47

268 1020 315 1084 At
344 1019 456 1086 hostes
485 1027 560 1108 pout
591 1022 755 1089 diutinam
789 1022 999 1100 obsidionem,
1022 1022 1115 1088 victu
1149 1021 1213 1088 sibi
1235 1021 1314 1088 defi-

266 1122 382 1202 ciente,
414 1145 516 1210 equos
558 1147 634 1191 suos
678 1125 856 1191 novissime
896 1125 1108 1191 devorabant
1169 1123 1315 1190 Tandem

266 1226 418 1290 omnibus
451 1228 661 1314 consumptis,
700 1227 742 1293 ab
776 1226 896 1314 oppido
930 1228 1123 1293 necessitate
1158 1227 1316 1312 compulsi

266 1328 421 1393 exierunt
450 1343 565 1396 contra
598 1330 779 1396 exercitum
803 1330 860 1417 qui
892 1331 1022 1396 eratin
1045 1329 1198 1396 orientali
1221 1333 1315 1416 parte

265 1431 452 1517 pugnaturi.
510 1431 581 1498 Ubi
604 1454 647 1498 er
668 1437 765 1520 parte
787 1433 875 1520 regis
898 1433 934 1496 in
956 1431 1063 1519 prima
1086 1432 1312 1519 congressione

266 1533 383 1600 cecidit
415 1533 547 1613 Ordein,
570 1535 720 1600 minister
751 1535 896 1600 eiusdem
932 1535 1025 1621 regis,
1060 1539 1094 1599 et
1128 1535 1225 1600 multi
1257 1534 1313 1598 alii

267 1657 340 1699 cum
362 1658 408 1701 eo.
455 1635 521 1702 Sed
549 1636 731 1704 Christiani
753 1637 886 1702 demum
909 1637 1126 1723 praevalentes
1149 1638 1186 1701 in
1201 1637 1312 1724 fugam

266 1737 470 1804 adversarios
492 1740 745 1828 compulerunt;
779 1761 858 1826 quos
880 1739 993 1806 fideles
1020 1739 1089 1804 sine
1119 1739 1243 1828 pietate
1265 1739 1313 1804 in·

265 1847 447 1926 sequentes,
470 1842 591 1908 multos
613 1843 650 1906 in
671 1841 770 1908 undis
793 1841 1060 1929 submergebant,
1083 1845 1117 1907 et
1139 1843 1314 1908 nonnullos

264 1943 384 2029 gladiis
415 1943 660 2010 detruncabant.
718 1944 764 2010 Et
795 1944 853 2030 qui
886 1967 927 2010 ex
959 1944 1019 2009 hac
1052 1945 1144 2010 clade
1175 1944 1382 2036 evaderem
1396 1984 1482 2038 Dm

264 2050 455 2132 potuerunt,
492 2046 648 2134 fugiendo
685 2047 729 2113 ad
767 2046 1015 2134 Legecestriam,
1055 2069 1129 2134 quae
1174 2047 1312 2134 Anglice
1325 2051 1398 2118 *¹5³⁰

265 2146 412 2213 Wirhale
445 2147 575 2229 dicitur,
598 2154 826 2237 pervenerunt.
876 2148 946 2214 Ubi
978 2149 1015 2214 in
1036 2149 1178 2236 quodam
1205 2151 1312 2216 muni·
1326 2118 1472 2250 ῗγῄἧῗῇζιθ)

265 2249 349 2336 cipio
370 2271 413 2318 ex
434 2251 620 2316 concivibus
642 2252 709 2316 suis
730 2252 888 2338 plurimos
910 2251 1118 2338 reperientes,
1143 2252 1179 2316 in
1200 2273 1312 2320 eorum

265 2353 464 2418 consortium
486 2357 565 2418 sunt
595 2354 736 2419 admissi
798 2354 871 2436 Quo
903 2375 960 2420 rex
992 2375 1068 2420 cum
1102 2354 1311 2442 pervenisset,

265 2477 331 2521 non
354 2457 465 2542 potnit
485 2455 534 2521 ibi
556 2456 758 2522 obsidionem
789 2463 909 2522 tenere.
965 2454 1065 2522 Unde
1098 2456 1216 2536 omnia,
1240 2479 1313 2542 quae

264 2563 361 2625 extra
397 2558 553 2646 oppidum
589 2559 626 2626 in
663 2559 813 2644 frugibus
845 2559 915 2625 sive
950 2557 1148 2626 victualibus
1182 2561 1311 2646 reperit,

264 2661 339 2748 igne
360 2661 589 2728 concremavit.

303 2967 551 3036 eounuunno.
596 2966 648 3035 Dc
668 2964 889 3034 alteratione
912 2964 1005 3035 buter
1027 2965 1159 3053 Araplos
1174 2964 1272 3054 facte
1320 2963 1477 3087 {iffi-Repe

694 3075 724 3135 ct
745 3070 873 3136 Dacos.
1321 3098 1435 3159 uum,

1322 3164 1389 3219 AD.
1403 3172 1459 3218 sae.

1322 3243 1378 3293 The
1391 3245 1476 3296 Danes

1322 3308 1404 3361 defeat
1416 3312 1460 3361 the

261 3386 337 3429 rens
363 3364 639 3429 Nerthumbriam
672 3363 819 3452 petivit:
860 3363 919 3428 ubi
953 3363 1094 3429 navibus
1127 3362 1308 3449 adquisitis,
1322 3376 1476 3439 landonis,

261 3489 321 3553 per
341 3490 431 3533 mare
453 3488 582 3532 sursum
604 3467 760 3554 navigare
778 3470 955 3553 coepenmt
1003 3466 1149 3531 Tandem
1170 3467 1206 3530 in
1226 3466 1309 3531 ostio

261 3570 354 3636 Lina
376 3570 529 3649 fluminis,
553 3591 621 3635 non
640 3568 738 3657 longe
760 3569 803 3635 ab
824 3570 906 3634 urbe
930 3568 1181 3648 Londonierum,
1206 3568 1308 3657 appli-

261 3680 382 3752 cantes,
405 3674 524 3762 praedis
551 3680 585 3739 et
611 3674 735 3761 rapinis
761 3674 919 3739 extractis
944 3674 987 3739 ad
1016 3678 1138 3739 terram
1168 3675 1309 3741 navibus

260 3778 461 3843 institerunt
518 3777 615 3859 Quod
645 3778 732 3843 cives
758 3776 1001 3843 Londoniarum
1033 3799 1107 3843 cum
1139 3778 1309 3866 cognovis-

258 3887 344 3962 sent,
366 3880 549 3947 coniunctis
570 3880 634 3947 sibi
656 3880 971 3967 conprovincialibus
993 3881 1121 3969 populis
1136 3880 1179 3945 ad
1201 3881 1308 3947 locum
1350 3965 1353 3971 1

259 3985 433 4051 venientes
465 3982 646 4071 praefatum,
673 3984 874 4049 invenerimt
907 3983 1018 4049 hostes
1050 3984 1214 4071 quoddam
1244 3982 1308 4049 sibi

260 4088 327 4153 ian
348 4086 565 4174 municipium
587 4087 815 4153 construxisse.
862 4085 935 4153 Illis
958 4092 1068 4153 autem
1083 4086 1160 4152 hinc
1175 4091 1210 4153 et
1230 4086 1307 4152 inde

260 4189 424 4255 hostiliter
454 4189 729 4268 concurrentibus,
760 4189 846 4255 cives
876 4188 1121 4256 Londonieuses
1152 4188 1308 4275 compulsi

308 3261 503 3327 Numanus
526 3283 728 3349 paganorum
761 3260 923 3327 exercitus
956 3260 1193 3348 Legecestriam
1220 3260 1310 3325 dese-

260 4298 340 4358 sumt
363 4293 400 4359 in
426 4292 546 4379 fugem,
569 4297 726 4379 quattuor
749 4312 791 4359 ex
816 4278 903 4379 regis
925 4292 1088 4357 militibus
1114 4291 1305 4357 interfectis.

260 4394 327 4461 Sed
371 4417 440 4462 non
484 4395 590 4461 multo
632 4399 716 4483 post,
764 4395 1016 4482 superveniente
1058 4394 1193 4461 Albedo
1238 4394 1308 4461 sive

259 4498 405 4564 Aluredo
426 4520 510 4586 rege,
533 4498 690 4585 compulsi
712 4503 791 4563 sunt
812 4498 933 4585 pagoani
965 4498 1072 4565 locum
1095 4498 1249 4579 deserere,
1273 4502 1307 4563 et
1319 4523 1418 4574 tutare

260 4606 360 4667 noctu
379 4602 566 4667 recedentes
587 4624 646 4689 per
666 4600 871 4688 provinciam
896 4600 1093 4667 Marciorum
1114 4622 1183 4665 non
1205 4622 1307 4669 cessa·
1319 4590 1407 4641 driven

259 4704 351 4781 bant,
381 4705 485 4771 donec
515 4705 559 4770 ad
591 4703 706 4771 villam
738 4726 837 4790 super
866 4702 1050 4785 Sabrinam,
1082 4725 1156 4791 quae
1187 4702 1307 4771 Canto
1318 4656 1429 4774 licinii

799 5230 1027 5740 f
