3567 5800
448 899 495 946 ou
517 897 632 947 cusrrs
657 899 778 948 ascum
801 897 1003 948 tucn-111.
1029 888 1056 950 l.
1258 887 1278 948 8

576 1421 715 1488 LIBER
737 1419 944 1488 TERTIUS.

284 1614 416 1681 Iucmrr
444 1613 552 1680 Lmen
581 1615 733 1680 Tannus
763 1615 914 1682 Srecum
937 1613 1165 1682 Hrsrcnrrms
1187 1631 1233 1678 oe

534 1717 656 1783 Grsrrs
679 1718 807 1783 Rreun
829 1718 987 1783 Aucus.

689 2041 768 2108 One.
789 2041 814 2106 I.

245 2237 291 2302 De
321 2236 516 2324 remeante
545 2245 573 2304 et
605 2237 819 2304 coronatione
848 2237 992 2323 Alfreda'
1029 2235 1098 2302 eice
1128 2236 1415 2302 Amreatraaa

454 2339 551 2426 reste,
574 2339 686 2428 aaut
708 2337 901 2406 mmmrcleor
914 2337 1062 2425 Aequa.
1289 2309 1429 2374 aphy-

281 2518 383 2583 Aurto
406 2515 588 2585 Dominicae
608 2516 844 2584 incarnationis
859 2519 1132 2604 octingentesimo
1147 2521 1277 2606 septua
1290 2536 1358 2586 nr).
1370 2542 1427 2589 era.

243 2621 355 2706 gesimo
385 2621 527 2687 secundo
558 2619 742 2708 Anglorum
772 2621 878 2699 decus,
906 2643 1021 2707 regum
1047 2642 1185 2707 gemma,
1211 2605 1428 2721 vir-3¹f⁰⁰A⁹i²³f³r¹g¹L1

243 2727 346 2788 tutum
367 2723 541 2812 exemplar,
566 2723 721 2790 Alfredus
744 2721 814 2790 sive
844 2721 1020 2805 Alurcdus,
1042 2723 1128 2811 regis
1152 2723 1277 2789 AEthcl-

244 2825 338 2915 wlphi
364 2827 453 2892 filius
475 2825 592 2906 iunior,
617 2827 675 2913 qui
700 2825 890 2893 unctionem
912 2827 1037 2917 regiam
1066 2830 1101 2892 et
1124 2847 1277 2892 coronam

242 2950 361 3017 apapa
387 2932 494 2997 Leone
520 2930 599 2996 olim
625 2928 740 2997 Romae
766 2937 960 3019 susceperat,
985 2936 1025 2997 ut
1054 2930 1276 3018 praediximus,

242 3054 369 3119 regnum
407 3039 441 3100 ct
479 3030 702 3099 monarchiam
739 3031 923 3120 Anglorum
959 3033 1094 3120 accepit,
1125 3039 1159 3100 et
1189 3034 1277 3121 apud

243 3132 438 3222 Wyntonam
469 3138 576 3203 denuo
606 3134 672 3201 fuit
702 3141 883 3216 coronatus,
916 3142 950 3202 et
983 3133 1106 3225 viginti
1140 3142 1213 3203 octo
1243 3140 1277 3201 et

241 3242 335 3307 semis
361 3266 461 3309 annos
490 3242 743 3309 laboriosissime
769 3240 825 3307 sed
848 3241 1027 3309 fortissime
1047 3242 1165 3308 tenuit.
1212 3242 1278 3308 Hic

241 3344 352 3410 ceteris
364 3344 520 3412 fratribus
540 3346 608 3411 suis
632 3350 703 3411 erat
726 3344 842 3425 iunior,
859 3345 918 3411 sed
940 3345 1117 3411 animosior
1131 3346 1276 3411 virtute:

243 3449 326 3513 unde
360 3472 378 3515 a
414 3455 508 3538 patre
545 3448 671 3514 cunctis
709 3444 867 3513 fratribus
905 3446 979 3535 plus
1015 3448 1198 3529 amabatur,
1237 3448 1279 3514 ob

241 3572 362 3616 mamm
381 3552 503 3618 scilicet
520 3574 652 3617 suorum
672 3549 927 3617 similitudinem
949 3556 984 3616 et
1004 3551 1152 3638 specialis
1172 3550 1279 3617 cuius-

240 3652 312 3720 dam
339 3656 447 3741 gratiae
472 3652 689 3741 privilegium,
708 3674 782 3739 quae
804 3653 841 3717 in
865 3676 903 3719 eo
926 3653 1033 3720 adhuc
1056 3677 1157 3742 puero
1179 3654 1278 3719 mira-

239 3756 350 3823 biliter
389 3754 578 3843 refirlgcbat
648 3754 749 3821 Unde
790 3777 865 3821 cum
910 3759 1014 3842 pater,
1053 3779 1128 3823 oum
1172 3756 1280 3823 adhuc

239 3860 389 3947 puerulus
435 3865 529 3939 esset,
572 3880 645 3925 cum
692 3857 807 3925 multis
856 3858 1019 3928 militibus
1061 3860 1278 3947 maximisque

239 3960 379 4027 donariis
400 3962 542 4029 Romam
566 3962 666 4043 misit,
689 3966 729 4028 ut
750 3966 939 4028 sanctorum
960 3964 1182 4050 apostolorum
1206 3984 1277 4049 prc-

236 4065 327 4133 cibus
358 4065 635 4133 commendaretur
661 4068 696 4129 st
726 4086 898 4130 asumma
927 4066 1081 4153 pontifice
1111 4064 1278 4131 benedica-

236 4175 338 4234 retur.
385 4168 592 4235 Venerabilis
622 4172 734 4233 autem
765 4190 912 4233 summus
942 4168 1092 4235 sacerdos
1119 4168 1195 4249 Leo,
1220 4166 1278 4255 qui

236 4278 316 4339 tunc
331 4271 486 4338 Romanae
501 4270 642 4337 ecclesiae
656 4268 803 4358 praefitt,
825 4268 959 4336 vultum
979 4275 1014 4337 et
1036 4276 1161 4336 statum
1184 4270 1278 4357 pueri

235 4377 483 4465 contemplatus,
505 4396 579 4441 cum
600 4374 637 4439 in
660 4396 697 4439 eo
719 4371 852 4439 Divinas
872 4372 1102 4459 praesentiam¹
1126 4374 1279 4440 maiesta-

235 4480 279 4545 tis
301 4478 548 4545 scintillantium
574 4475 738 4543 virtutum
760 4476 891 4543 indiciis
913 4479 1131 4563 persensisset,
1146 4484 1277 4567 tempus

564 4812 572 4842 ¹
581 4809 749 4877 pransum]
761 4809 903 4875 prasente,
914 4808 971 4862 MS.

1123 4910 1147 4957 n
1169 4898 1190 4959 2
