3567 5800
555 817 620 881 208
818 832 884 881 arc.
907 832 955 881 ns
978 833 1111 884 omaro.
1136 834 1225 885 susc.
1249 834 1338 884 nrsr.

552 1017 718 1083 inmatura
740 1023 846 1084 morte
878 1019 1057 1106 praereptis,
1081 1020 1208 1086 Danieo
1244 1020 1321 1108 iugo
1355 1021 1399 1086 ab
1420 1022 1573 1108 Anglorurr

554 1119 698 1186 humeris
719 1122 853 1208 penitus
875 1144 1020 1200 excusso,
1043 1126 1077 1187 et
1099 1124 1193 1209 quasi
1215 1124 1259 1187 ab
1281 1124 1442 1211 AEgyptia
1468 1123 1573 1189 liberati

554 1224 724 1304 servitute,
746 1245 806 1310 pro
833 1224 1034 1290 successione
1067 1225 1170 1312 regali
1193 1226 1379 1313 Anglornm
1401 1225 1574 1313 proceresin

554 1346 657 1391 unum
702 1326 943 1404 convenientes,
980 1326 1148 1393 consulere
1193 1328 1335 1393 invicem
1381 1327 1574 1395 decreverunt.

555 1427 704 1515 ipsisque
739 1429 780 1495 de
811 1430 951 1495 materia
983 1429 1157 1515 praelibata
1190 1430 1337 1496 studiosa
1371 1430 1573 1497 deliberatione

553 1530 757 1619 aliquamdiu
790 1532 1079 1619 pertractantibus,
1102 1532 1237 1599 tandem
1267 1534 1383 1599 taliter
1414 1539 1479 1601 erat
1505 1534 1576 1597 inter¹

554 1656 608 1701 eos
641 1634 845 1700 concorditer
877 1634 1062 1715 definitum,
1089 1641 1129 1702 ut
1161 1636 1406 1722 spectabiliores
1435 1655 1573 1753 procerum

555 1758 701 1826 personas
734 1736 778 1803 ad
811 1738 873 1803 hoe
906 1738 1091 1824 specialiter
1124 1738 1356 1825 exequendum
1389 1738 1434 1804 ab
1464 1735 1572 1821 eisqui

386 1848 447 1899 com
423 1847 531 1965 ronia-¹1
555 1846 661 1905 tuno
656 1839 838 1925 affuerant
878 1839 1090 1905 nominaliter
1127 1840 1250 1920 elcotae,
1287 1840 1324 1905 in
1361 1838 1572 1906 Normanniau

385 1930 531 2031 delictit-m

591 1944 617 2008 't
555 1898 767 2009 mitteientur
799 1962 859 2029 pro
894 1941 1071 2020 Eduardo,
1104 1948 1319 2029 cognomento
1353 1942 1520 2028 AEtheling,
1546 1939 1573 2003 id

385 2050 517 2113 martyro
554 2053 604 2111 est
627 2046 753 2126 Nobili,
777 2044 845 2110 filio
869 2045 1053 2131 Anglorum
1076 2042 1244 2130 quondam
1265 2046 1352 2131 regis
1376 2044 1573 2111 Ethelrediet

384 2114 520 2181 nrinssdg

385 2184 491 2298 §mm
555 2149 681 2215 Emmee
703 2149 849 2235 reginee;
873 2147 931 2233 qui
953 2146 1046 2215 lreres
1068 2148 1231 2212 naturalis
1253 2153 1288 2213 et
1309 2147 1477 2265 legitimus
1500 2144 1572 2231 regni

385 2249 483 2315 Ε11118ῑ1
466 2250 508 2298 1111
554 2250 738 2337 Anglorur'n
760 2252 869 2315 fuerat
891 2272 935 2315 ex
949 2250 1043 2315 avita
1064 2250 1271 2329 successione,
1287 2256 1322 2316 et
1343 2251 1398 2316 eui
1420 2250 1573 2316 debebatur

553 2376 691 2441 regnum
706 2354 890 2440 Anglorum
906 2375 981 2420 curn
997 2375 1119 2418 corona
1133 2352 1359 2419 hereditario
1349 2376 1429 2419 rure.
1465 2352 1572 2418 Festive

551 2460 656 2546 igitur
677 2460 906 2525 universorum
929 2458 1075 2544 tripudio
1097 2460 1281 2523 mittuntur
1302 2464 1378 2545 post
1401 2457 1571 2525 Eduardum

552 2564 650 2629 duoes
681 2568 716 2627 et
742 2562 893 2649 episcopi,
930 2562 989 2647 qui
1023 2561 1066 2627 ab
1098 2560 1150 2626 his
1183 2561 1220 2625 in
1250 2561 1409 2647 Angliarn
1442 2562 1480 2627 de
1505 2558 1571 2624 Nor·

552 2665 688 2731 mannia
723 2685 877 2751 prospere
909 2671 963 2729 est
993 2662 1164 2729 adductus.
1222 2663 1328 2743 Quem
1361 2686 1436 2729 cum
1470 2680 1571 2728 sunno

551 2769 673 2834 honore
696 2766 907 2851 maximoque
939 2766 1087 2831 omnium
1117 2766 1238 2853 gaudio
1260 2766 1497 2853 archiepiscopi,
1520 2761 1572 2848 epi-

552 2870 650 2958 scopi,
678 2870 822 2948 abbates,
856 2868 970 2949 clerus,
1002 2868 1108 2948 duces,
1132 2868 1276 2946 comites,
1298 2868 1462 2954 ceterique
1490 2865 1572 2932 totius

550 2973 684 3060 Anglise
717 2977 890 3058 magnates
913 2976 948 3038 et
970 2992 1127 3057 procerae,
1149 2992 1224 3036 curn
1247 2970 1359 3036 favore
1380 2969 1570 3058 popularium,

551 3083 590 3142 ut
627 3081 754 3164 patrem
793 3073 911 3162 patriae
949 3079 983 3138 et
1020 3094 1041 3136 a
1079 3073 1149 3138 Deo
1187 3073 1346 3139 donatum
1390 3073 1453 3138 sibi
1485 3089 1569 3156 regem

551 3176 746 3263 gratissime,
780 3172 882 3238 immo
913 3176 949 3236 ct
981 3169 1217 3248 liberalissime,
1256 3169 1406 3236 unanimi
1440 3169 1570 3257 applausu

550 3283 754 3365 receperunt·
809 3275 906 3352 Nam,
929 3277 970 3339 ιιι
1002 3273 1133 3359 praefati
1163 3294 1288 3352 sumum,
1309 3272 1495 3338 AEthelredo
1512 3289 1570 3355 rege

422 3383 425 3387 ’
551 3381 736 3468 Anglorum
785 3383 878 3465 patre
916 3376 1014 3442 istius
1062 3375 1220 3440 Edwardi
1265 3373 1444 3463 AEtheling
1486 3371 1572 3438 adhuc

550 3483 693 3561 vivente,
733 3503 806 3548 eum
848 3499 988 3566 regnum
1026 3477 1157 3564 Angliae
1207 3476 1335 3542 Danica
1378 3474 1571 3564 mrseeutbne

550 3585 727 3673 plurimum
751 3582 951 3660 turbaretur,
968 3579 1076 3646 dietus
1097 3601 1158 3646 rex
1172 3579 1213 3645 de
1235 3599 1415 3645 successore
1429 3576 1571 3650 sollicitus,

550 3687 654 3754 totius
685 3685 779 3774 regni
812 3682 1001 3772 proceribus
1031 3681 1228 3760 convocatis,
1252 3681 1331 3746 dum
1364 3681 1453 3747 inter
1475 3674 1571 3744 eorde

549 3790 643 3878 regni
665 3788 866 3855 successione
887 3789 1056 3862 tractaret,
1072 3784 1207 3849 tandem
1229 3806 1342 3850 omnes
1364 3783 1457 3869 quasi
1471 3778 1571 3847 Divino

551 3894 679 3981 Spiritu
701 3889 809 3957 edocti
843 3887 1008 3953 Eduardo
1039 3886 1188 3952 nondum
1218 3891 1299 3950 nato
1331 3906 1474 3972 proceres
1491 3880 1571 3946 tidem

549 3998 703 4074 fecerunt,
728 3993 902 4080 ipsumque
924 3991 961 4056 in
981 3988 1153 4055 dominum
1175 4009 1272 4053 suum
1294 3992 1329 4052 et
1343 3987 1570 4074 Anglireregcm

550 4098 753 4164 unanimiter
775 4095 954 4181 elegerunt.
