3567 5800
447 887 494 936 nn
514 885 631 938 orsms
652 885 776 936 nonu
796 883 1000 938 suen-ns
1025 873 1075 938 22.
1211 869 1274 933 115

230 1070 321 1158 elegi.
360 1071 502 1153 Quando
521 1074 586 1141 tibi
607 1097 674 1142 nen
689 1075 806 1162 paruit
842 1074 932 1156 Quos
947 1094 1094 1161 unquam
1108 1071 1277 1138 thesauros

230 1174 299 1238 tuis
319 1176 463 1242 consiliis
495 1179 652 1264 praetulit
695 1177 786 1259 Ques
816 1177 1032 1264 possessiones
1064 1181 1099 1242 te
1129 1173 1276 1262 praeoipi·

230 1281 307 1342 ente
328 1299 397 1344 non
417 1280 550 1365 sprevil
592 1280 630 1346 Si
660 1281 740 1366 quid
770 1279 968 1366 pauperibus
998 1278 1198 1366 erogandum
1220 1297 1276 1341 ex-

231 1377 410 1464 istimabas,
431 1389 550 1469 pnesto
572 1383 711 1449 firitrsi
741 1381 821 1469 quid
850 1381 1089 1458 eonferendum,
1121 1402 1188 1445 non
1210 1379 1275 1443 dis·

231 1481 314 1561 tuli3
349 1484 377 1549 si
407 1485 489 1571 quid
518 1486 686 1552 monachis
723 1485 889 1552 clericisve
927 1486 1037 1552 deesse
1075 1483 1272 1570 querebaris,

231 1585 387 1671 supplevi
447 1588 619 1654 AEtemem
656 1588 787 1654 dicebas
818 1610 888 1654 esse
926 1589 1174 1674 eleemosynam,
1213 1607 1274 1650 nec

231 1687 330 1753 aliem
351 1689 605 1770 stuctuosiorem
630 1713 729 1778 quam
751 1693 840 1778 quod
861 1692 1068 1757 monasteriis
1091 1689 1273 1756 ecclesiisve

232 1789 405 1873 confertur,
428 1815 493 1878 quo
515 1798 550 1859 et
564 1792 628 1858 Dei
643 1795 729 1859 servi
751 1799 988 1874 sustentantur,
1004 1799 1039 1859 et
1062 1793 1150 1878 quod
1165 1813 1277 1878 super-

232 1898 281 1958 est
302 1895 500 1982 pauperibus
522 1901 683 1984 erogetur.
740 1897 770 1963 0
792 1897 983 1984 praeeleram
1015 1897 1273 1981 eleemosynam!

234 1995 263 2061 Ο
286 1997 423 2084 dignum
445 2000 563 2064 enimse
583 1999 745 2086 pretium!
786 1999 816 2064 Ο
838 1999 1123 2086 peccatisnostris
1146 1997 1275 2062 salubre

232 2099 422 2181 remedium,
456 2102 547 2190 quod
576 2124 598 2167 s
630 2103 707 2169 sinu
737 2101 875 2189 Sibyllae
907 2102 943 2167 in
973 2101 1137 2188 peregrini
1174 2099 1277 2166 muris

232 2202 384 2289 pellicula
405 2202 507 2282 fetet,
536 2204 624 2291 quod
646 2205 718 2270 eius
748 2205 911 2269 auriculae
943 2208 1047 2280 ornet,
1079 2203 1167 2289 quod
1190 2223 1276 2268 eom-

232 2307 326 2392 ponit
345 2305 511 2393 digitulos,
526 2307 615 2392 quod
636 2327 752 2394 corpus
774 2307 951 2372 delicatum
969 2307 1007 2370 in
1026 2307 1124 2392 bysso
1144 2306 1278 2391 stringit

232 2411 268 2472 et
297 2413 461 2495 purpure!
514 2409 644 2488 Hicine,
675 2415 779 2496 peter,
812 2409 1092 2495 eleemosynarum
1130 2429 1276 2472 mserum

231 2509 383 2576 fructus?
417 2511 525 2578 hicine
554 2517 605 2578 cst
633 2513 788 2578 desiderii
810 2513 876 2578 mei
898 2517 1031 2598 tueeque
1053 2511 1277 2598 promissionis

232 2611 409 2679 effectusl'
466 2613 556 2695 Quid
577 2614 655 2680 huic
685 2617 789 2702 petris
811 2615 876 2680 mei
899 2615 1112 2702 querimoniae
1144 2635 1277 2700 respon-

233 2715 351 2782 debist
405 2714 488 2797 Seio,
519 2717 596 2798 scio,
628 2739 703 2784 cum
724 2718 859 2784 videbas
889 2719 1005 2799 furem,
1035 2740 1103 2783 non
1125 2717 1278 2784 currebas

233 2841 308 2886 cum
328 2842 378 2902 eo,
400 2842 460 2886 nee
488 2842 563 2888 cum
593 2821 751 2887 adulteris
782 2822 966 2909 portionem
1002 2826 1096 2886 tuem
1127 2820 1278 2909 ponebas.

234 2925 392 3012 Arguisti,
414 2926 603 3005 obsecrasti,
625 2927 820 3013 increposti3
843 2930 1034 3013 contempte
1055 2930 1135 2991 eunt
1156 2922 1277 2991 verbe:

233 3028 434 3093 veniendum
455 3034 507 3093 est
529 3028 574 3093 sd
594 3028 741 3094 verbere.
799 3028 914 3094 Hebes
935 3028 989 3093 hic
1010 3033 1120 3094 tecum
1145 3048 1280 3093 venere·

233 3128 335 3195 bilem
356 3137 486 3218 putrem
508 3130 766 3198 AEthelwcldum
781 3130 1055 3217 wyntoniensem
1070 3130 1279 3217 episcopum3

233 3232 335 3298 hebes
373 3233 679 3299 reverentissimum
707 3233 880 3320 praesulem
904 3232 1182 3321 Wygorniensem
1220 3234 1280 3297 Oe

234 3335 388 3402 wsldurn
457 3334 560 3402 Vobis
584 3336 675 3401 istud
694 3337 866 3402 committo
885 3338 1063 3425 negotium,
1095 3340 1135 3403 ut
1157 3340 1191 3401 et
1213 3336 1282 3423 epi·

234 3438 358 3526 scopuli
378 3460 517 3505 censure
537 3444 572 3504 et
604 3440 696 3527 regis
722 3440 923 3523 eucteritste
959 3440 1102 3526 turpiter
1131 3439 1281 3505 viventes

233 3543 276 3607 de
312 3542 455 3608 eeclesiis
488 3541 659 3623 eicientur,
693 3548 728 3607 et
760 3542 913 3609 ordinate
944 3544 1096 3609 viventes
1129 3542 1281 3609 introdu-

233 3644 379 3712 eantur?
423 3644 576 3733 Explicit
589 3644 802 3731 semiermis
816 3644 953 3733 Edpoei
966 3644 1175 3714 adonium

633 3948 882 4018 cessurusne.
1294 3981 1392 4035 AM

1293 4050 1391 4101 Rievsl
1401 4046 1450 4099 col.

278 4162 497 4231 smmum
539 4164 644 4251 igitur
686 4162 776 4228 beuti
819 4160 972 4250 praesules
1016 4184 1151 4228 monum
1194 4162 1280 4251 regis
1293 4123 1437 4259 ffiffiin,

235 4268 354 4334 bonem
374 4289 493 4346 secum,
517 4265 560 4332 sb
581 4265 714 4332 ecclesie
737 4266 969 4352 Wyntoniensi
990 4270 1025 4331 et
1048 4265 1279 4353 Wygorniensi
1293 4274 1414 4351 necnee

233 4372 447 4459 pluribusque
479 4370 552 4437 eliis
585 4370 663 4435 locis
684 4369 817 4435 clericos
847 4370 1016 4437 seculares
1039 4370 1209 4436 inhoneste
1231 4372 1280 4435 vi-
1293 4342 1451 4459 ssssgssss'md

236 4481 357 4553 ventes
397 4475 483 4540 sicut
520 4473 668 4562 superius
706 4473 858 4550 diximus,
891 4474 1096 4560 expulerunt,
1133 4472 1435 4555 intrude,worcester

235 4583 343 4645 eentes
381 4578 469 4644 viros
506 4577 685 4665 religiosos,
722 4578 779 4663 qui
815 4598 903 4642 novo
936 4578 1078 4663 quodum
1113 4578 1282 4664 splendore
1294 4540 1451 4672 fflpiiieif

235 4682 423 4748 universam
453 4681 596 4746 insulam
628 4680 844 4745 illustrarunt
903 4681 933 4746 Ο
965 4703 1041 4747 vere
1073 4686 1153 4747 tunc
1186 4682 1283 4749 besta
1296 4676 1392 4727 emula

236 4784 421 4873 Anglorum
454 4784 593 4863 ecclesie,
615 4804 716 4870 quom
737 4782 1029 4852 innumerabilium
1051 4784 1283 4855 monachorum
1297 4745 1391 4807 Μ’

1127 4893 1198 4955 112
