3567 5800
500 813 563 873 150
757 824 823 871 luc,
848 822 896 871 DE
917 822 1052 871 clauae.
1077 820 1164 870 SPEC.
1189 820 1276 869 HIST.

331 1041 423 1103 gwy„
500 1032 610 1098 regem
648 1032 683 1074 se
719 1010 817 1075 iussit
854 1009 1039 1095 Anglorum
1073 1006 1239 1093 appellari,
1274 1006 1354 1071 dum
1384 1026 1450 1069 nou
1483 1002 1551 1067 fuit

331 1105 594 1192 1(Ῑῦὕθῖὓὶθειὶίιιεε,
617 1114 676 1199 qui
697 1136 757 1199 pro
780 1113 852 1178 iure
874 1112 968 1199 regni
994 1112 1160 1177 decertare
1183 1110 1236 1174 vel
1259 1130 1294 1174 so
1319 1130 1430 1195 regem
1451 1107 1552 1172 confi-

503 1215 567 1283 teri
590 1238 688 1281 ausus
716 1215 839 1281 fuisset
903 1216 996 1281 Inter
1027 1214 1099 1281 haec
1131 1213 1242 1279 omnia
1276 1235 1336 1277 rex
1368 1212 1554 1297 Anglorum

506 1320 704 1385 Ethelredus
726 1318 854 1384 iacebat
884 1318 922 1382 in
944 1318 1024 1383 urbe
1056 1316 1310 1395 Londoniarum,
1343 1314 1464 1381 inertia
1486 1319 1554 1378 tor-

505 1446 595 1511 pens,
618 1422 757 1488 timidus
779 1426 813 1487 et
836 1422 1041 1509 suspiciosus,
1064 1421 1149 1485 nulli
1171 1442 1205 1485 se
1228 1419 1432 1485 committere
1446 1439 1556 1494 ausus,

332 1174 446 1238 English.

338 1536 456 1587 Fearsof
507 1527 548 1592 de
570 1533 676 1592 morte
698 1526 811 1591 fratris
833 1526 885 1590 sui
912 1526 1017 1591 sancti
1050 1520 1210 1589 Edwardi
1243 1522 1477 1590 conscientiam
1498 1521 1558 1585 ha

336 1605 461 1654 E‘heloed'
507 1632 588 1697 bens
609 1630 833 1708 cauteriatam,
858 1652 899 1693 ne
922 1629 1020 1695 citius
1050 1628 1209 1693 Divinam
1241 1627 1365 1693 sentiat
1387 1626 1556 1691 ultionem.

508 1736 699 1801 Exercitum
730 1755 927 1820 congregare
960 1732 1014 1799 vel
1046 1736 1161 1797 contra
1194 1732 1304 1797 hostes
1338 1731 1456 1796 ducere
1490 1752 1559 1793 non

507 1838 661 1918 audebat,
684 1843 834 1902 metuens
864 1857 906 1900 ne
935 1834 1063 1901 nobiles
1092 1835 1187 1921 regni
1211 1856 1291 1921 quos
1314 1834 1437 1899 iniuste
1460 1832 1559 1899 exhe-

508 1942 681 2005 redaverat
702 1940 739 2003 in
762 1961 876 2026 campo
908 1960 983 2004 eum
1015 1937 1236 2024 relinquentes
1269 1937 1419 2003 hostibus
1450 1936 1561 2001 trade-

508 2050 584 2109 rent
605 2044 649 2109 ad
663 2042 895 2108 damnandum.
942 2040 1026 2107 Haec
1041 2042 1159 2106 misera
1180 2041 1328 2107 condicio
1345 2042 1464 2105 misero
1488 2039 1561 2125 regi

511 2146 585 2211 fuit.
935 2142 937 2149 ’

341 2464 502 2583 gpffiaed·
515 2460 765 2527 Courruuauuo.
813 2460 911 2544 Quod
929 2484 987 2527 rec
1003 2460 1208 2527 'Etlwlredus
1231 2461 1277 2526 cod
1299 2460 1561 2527 romaniaca

344 2600 425 2649 West
981 2564 1087 2651 fitylt.

346 2666 416 2717 ΑΒ.
430 2671 502 2717 1013.

344 2775 464 2853 athelred
558 2766 708 2830 TANDEM
731 2762 805 2831 'rex
837 2767 1034 2833 Ethelredus
1063 2772 1116 2832 tot
1153 2768 1458 2855 perturbationibus
1486 2788 1563 2831 con-

345 2850 491 2960 }{fflflf
513 2869 627 2952 fossus,
665 2870 800 2936 recessit
836 2871 992 2937 clanculo
1014 2894 1047 2937 a·
1067 2870 1202 2938 civitate
1242 2871 1495 2948 Londoniarum‚
1530 2873 1564 2934 et

345 2977 444 3041 uiget,
453 2978 503 3026 anu
514 2973 605 3061 prius
620 2974 662 3038 ad
686 2973 999 3060 Southamptouiam
1014 2997 1052 3039 ae
1074 2979 1188 3061 postea
1209 2975 1253 3040 ad
1268 2975 1405 3039 Vectem
1420 2973 1565 3038 insulam

346 3045 699 3162 ffllffinnavigavit.
759 3077 815 3140 Ibi
848 3077 986 3142 abbates
1019 3083 1054 3142 et
1085 3078 1259 3164 episcopos,
1284 3079 1342 3163 qui
1364 3099 1423 3142 nec
1445 3077 1480 3140 in
1503 3075 1566 3139 tali

345 3177 446 3240 bishopu
453 3179 504 3227 and
516 3181 709 3244 necessitate
732 3179 902 3244 dominum
925 3203 1020 3245 suum
1034 3203 1144 3268 regem
1167 3181 1381 3246 deserendum
1399 3185 1567 3266 putarent,

346 3245 442 3361 iiiiii&
515 3282 552 3345 iu
584 3282 669 3347 hanc
697 3284 896 3348 sententiam
928 3284 1091 3350 convenit.
1149 3285 1207 3349 “O
1240 3289 1350 3372 patros
1384 3282 1567 3358 reverendi,

347 3379 434 3495 Mflss·
447 3377 473 3429 ii,
515 3384 637 3450 videtis
660 3391 795 3471 quantae
825 3388 989 3472 angustiae
1012 3391 1047 3451 et
1070 3385 1301 3452 tribulationes
1331 3388 1367 3451 in
1396 3409 1448 3452 me
1472 3389 1507 3450 et
1530 3386 1568 3450 iu

346 3447 361 3510 l
392 3470 428 3495 ”
516 3509 605 3553 meos
627 3489 805 3576 insurgunt
828 3489 879 3553 his
902 3489 1028 3555 diebus.
1082 3491 1138 3555 Me
1168 3490 1306 3576 perfidia
1330 3491 1449 3556 ducum
1472 3490 1568 3554 avito

516 3596 679 3657 extorrem
702 3593 784 3656 solio
806 3597 841 3657 ct
855 3593 926 3678 opis
949 3598 1100 3680 egentem
1123 3593 1239 3659 alienae
1261 3593 1405 3678 reliquit,
1422 3593 1458 3656 in
1473 3593 1569 3657 cuius

516 3718 618 3760 manu
650 3694 788 3760 aliorum
821 3696 908 3760 sulus
939 3698 1080 3782 pendere
1112 3697 1244 3762 solebat.
1303 3697 1368 3777 Qui
1400 3697 1568 3782 quondam

516 3798 693 3863 monarcha
718 3797 767 3862 fui
797 3804 832 3862 et
865 3802 992 3884 potens,
1028 3800 1125 3864 modo
1155 3801 1254 3865 miser
1276 3805 1311 3864 et
1342 3800 1419 3864 exul
1450 3799 1571 3865 existo.

517 3900 710 3967 Odolenda
738 3899 821 3964 mihi
857 3902 1094 3967 commutatio!
1124 3901 1202 3988 quia
1232 3902 1359 3967 facilius
1392 3901 1569 3968 tolerarem

517 4026 593 4090 opes
615 4025 683 4068 non
705 4001 867 4081 habuisse,
893 4026 993 4090 quam
1020 4005 1150 4068 habitas
1180 4009 1250 4069 tam
1272 4005 1388 4070 misere
1411 4005 1569 4071 amisisse.

517 4107 590 4170 Iam
624 4104 785 4192 Angliam
818 4106 941 4171 videtis
975 4108 1017 4174 ab
1050 4107 1198 4173 hostibus
1233 4129 1434 4193 possessam
1469 4108 1571 4172 duces

515 4209 608 4295 regni
630 4209 764 4275 inimico
786 4214 898 4274 nostro
921 4210 1021 4276 fidem
1043 4211 1175 4290 iurasse,
1200 4211 1313 4275 domos
1335 4233 1373 4276 uc
1394 4211 1572 4276 facrrltates

516 4335 592 4378 suas
614 4311 783 4376 voluntati
806 4313 943 4397 tyranni
974 4314 1170 4400 exposuisse.
1231 4311 1445 4400 Quapropter,
1469 4334 1571 4377 vene-1

515 4416 612 4480 randi
634 4420 752 4500 patrea,
776 4416 813 4479 iu
835 4415 981 4481 medium
1005 4417 1171 4494 consulite,
1201 4415 1281 4501 quid
1309 4416 1345 4480 in
1372 4417 1477 4481 tantis
1509 4439 1570 4480 an·

516 4517 634 4602 gustiis
656 4517 848 4583 censueritis
870 4519 1061 4584 faciendum.
1108 4519 1144 4585 Si
1167 4520 1203 4582 in
1226 4519 1335 4606 patria
1354 4519 1572 4586 decreveritis

516 4621 584 4685 fore
606 4620 816 4702 manendum,
839 4622 914 4708 plus
944 4646 965 4688 a
987 4622 1116 4688 civibus
1146 4645 1247 4709 quam
1277 4623 1321 4688 ab
1344 4621 1495 4688 hostibus
1518 4631 1572 4689 est

516 4723 722 4804 <avendum
748 4724 858 4792 forsan
881 4726 970 4793 enim
998 4727 1065 4792 suis
1094 4727 1342 4812 proditionibus
1364 4731 1471 4792 morte
1495 4749 1572 4792 mea
