3567 5800
441 843 488 890 nr
510 840 624 890 araris
648 839 768 888 nnouu
790 836 983 888 aron—w.
1007 824 1060 903 45,
1083 827 1135 887 46.
1236 827 1300 888 311

247 1032 284 1095 in
306 1030 419 1094 morbo
453 1029 647 1114 triumphat,
682 1029 859 1114 virumque
897 1027 960 1092 Dei
994 1026 1220 1092 sacratissimis
1252 1028 1303 1091 in-

247 1141 364 1199 teresse
386 1132 510 1218 vigiliis
532 1137 647 1196 contra
672 1153 765 1217 spem
789 1130 936 1195 omnium
960 1131 1200 1216 compulerunt.
1256 1128 1303 1194 Et

246 1237 313 1300 iam
345 1235 429 1300 circa
462 1233 543 1320 galli
574 1240 718 1313 cantum,
745 1238 784 1299 ut
808 1257 847 1298 ea
869 1234 923 1298 die
955 1234 1126 1298 consucvit
1158 1232 1300 1310 ecclesia,
1313 1246 1420 1296 Manat

247 1339 346 1404 missa
388 1336 622 1416 celebrabatur,
662 1343 696 1402 et
742 1337 952 1424 evangelium
993 1359 1058 1422 quo
1102 1337 1300 1424 virginalem
1312 1314 1426 1444 {dir-ing
1434 1394 1471 1429 on

246 1446 378 1527 partum
416 1441 556 1526 pastoris
587 1439 718 1526 vigilias
753 1439 907 1506 excubias
940 1439 1132 1525 angelorum
1165 1446 1452 1506 sanctuscmistmas

248 1543 351 1608 Lucas
389 1543 544 1608 describit
586 1543 809 1620 recitabatur;
855 1564 929 1607 cum
971 1541 1027 1606 ille
1070 1542 1206 1608 Parvuli
1242 1543 1301 1627 qui
1311 1516 1369 1578 ω·

247 1651 419 1712 natusest
445 1646 540 1712 nobis
566 1646 801 1724 humilitatem,
826 1645 942 1710 matris
969 1650 1004 1709 et
1025 1645 1167 1731 virginis
1196 1645 1301 1730 pieta-

248 1755 326 1826 tem,
358 1771 486 1813 summa
519 1771 593 1814 cum
627 1749 803 1814 devotione
836 1748 1054 1827 considerans,
1076 1752 1232 1832 totusque
1265 1748 1302 1812 in

248 1854 396 1917 lacrimas
433 1852 603 1928 resolutae,
643 1856 678 1915 et
718 1849 885 1916 interiori¹
927 1849 1049 1916 laetitia
1085 1851 1168 1915 miro
1205 1849 1303 1915 modo

248 1954 466 2042 perfunditur,
512 1959 546 2018 et
578 1953 735 2018 exteriori
768 1953 911 2039 quadam
960 1955 1125 2019 suavitate
1156 1953 1304 2017 membra

249 2057 392 2123 marcida
415 2056 614 2122 refoventur.
676 2056 796 2122 Psallit
826 2057 956 2143 spiritu,
979 2057 1091 2143 psallit
1114 2063 1148 2121 et
1170 2061 1304 2135 mente3

249 2165 322 2224 orat
359 2158 487 2245 spiritu,
528 2165 600 2224 orat
638 2165 671 2224 et
709 2162 840 2236 mente3
886 2165 920 2225 ct
965 2161 1054 2224 inter
1090 2163 1231 2224 matrem
1269 2164 1304 2224 et

250 2263 381 2339 Filium,
406 2263 495 2326 inter
527 2263 637 2329 sinum
672 2268 705 2327 et
739 2261 945 2348 praesepium,
977 2262 1033 2348 pia
1066 2261 1304 2349 cogitationum

248 2366 444 2432 lustratione
477 2365 639 2430 discurrit.
710 2365 904 2430 Extinctam
938 2365 1078 2431 credidit
1111 2387 1211 2451 quam
1245 2365 1304 2430 diu

250 2468 429 2556 pertulerat
466 2469 668 2554 passionem3
716 2490 816 2553 quam
859 2471 972 2533 tamen
1011 2468 1085 2554 pius
1123 2466 1146 2533 J
1148 2489 1226 2547 esus,
1265 2473 1305 2534 ut

251 2570 407 2636 Edwardi
438 2571 490 2634 sui
521 2572 639 2635 merita
677 2569 874 2657 propalaret,
910 2571 1128 2656 suspenderat
1162 2571 1305 2656 quidem,

250 2674 308 2739 sed
345 2694 413 2738 non
450 2673 647 2738 extinxerat.
717 2673 825 2738 Biduo
869 2696 1012 2760 namque
1051 2696 1093 2738 ex
1131 2675 1305 2740 devotione

251 2777 356 2842 febres
393 2775 535 2862 quadam
587 2776 713 2840 virtute
752 2775 867 2840 divina
905 2776 1076 2853 conclusae,
1115 2776 1169 2840 die
1205 2777 1306 2840 tertio

252 2881 396 2947 severius
428 2880 525 2945 solito
558 2879 720 2944 miserum-
742 2902 859 2965 corpus
891 2879 1069 2957 invadunt,
1093 2884 1128 2945 et
1149 2902 1184 2944 so
1215 2884 1306 2944 artu-

251 2986 314 3049 bus
352 2984 471 3063 nerviS,
494 2984 655 3048 iuncturis
679 3004 816 3069 quoque,
841 2980 982 3069 primis²
1005 2983 1106 3047 etiam
1128 2982 1307 3047 visceribus

251 3086 468 3163 infundentes
509 3086 673 3151 doloribus
710 3108 748 3149 ac
786 3085 988 3150 tortionibus
1033 3089 1102 3149 tam
1147 3084 1308 3150 interiora

253 3212 351 3275 quam
378 3188 543 3254 exteriora
573 3188 662 3251 illius
680 3189 800 3256 omnia
828 3188 1039 3253 dissecabant.
1102 3186 1141 3251 In
1166 3186 1218 3251 his
1239 3190 1308 3251 tor·

251 3293 371 3357 mentis
393 3314 467 3356 cum
491 3291 559 3355 dies
582 3291 742 3376 posterior
764 3313 890 3377 semper
912 3290 1117 3377 praecedente
1139 3289 1308 3355 videretur

253 3418 321 3461 esse
354 3394 522 3469 crudelior,
547 3394 685 3459 advenit
709 3394 778 3459 dies
805 3394 1081 3477 desideratoque
1114 3392 1308 3480 gloriosissi·

253 3520 327 3564 mus
367 3498 516 3584 princeps
562 3496 747 3561 Edwardus
792 3502 866 3583 post
912 3496 1051 3583 gloriam
1095 3495 1307 3582 temporalem

254 3601 387 3668 Christo
418 3605 648 3664 remunerante
683 3600 805 3665 meruit
839 3603 1008 3665 aeternam.
1079 3598 1174 3663 Hora
1205 3598 1309 3686 igitur

254 3706 312 3769 illa
333 3725 399 3789 qua
422 3724 481 3789 pro
515 3702 603 3766 tanti
637 3703 722 3787 regis
754 3703 913 3767 memoria
944 3702 1179 3766 immolabatur
1212 3702 1309 3766 sacri·

254 3808 366 3873 ficium
412 3805 553 3870 salutare
602 3806 737 3869 accessit
775 3806 818 3871 ad
859 3806 967 3869 sancti
1011 3804 1098 3891 regis
1142 3803 1309 3869 tumulum

255 3908 439 3996 languidus,
473 3911 508 3972 et
544 3912 728 3992 prostratus
766 3908 844 3987 solo,
883 3907 977 3993 quasi
1018 3909 1086 3971 iam
1124 3912 1309 3973 extremum

256 4012 409 4100 spiritum
441 4010 618 4076 emissurus
652 4009 801 4075 indoluit.
872 4009 963 4074 Deus
997 4031 1097 4085 meuc,
1123 4031 1196 4094 quae
1230 4014 1312 4073 tnnc

256 4115 404 4201 suspiria,
443 4112 501 4197 qui
538 4114 689 4199 gemitus,
726 4114 782 4198 qui
820 4112 994 4199 singultus,
1033 4111 1189 4175 miserum
1227 4111 1311 4177 illud

257 4217 482 4305 corpusculum
516 4216 771 4281 concutiebant!
811 4216 924 4301 qualia
946 4214 976 4278 ei
998 4213 1100 4277 verba
1130 4213 1222 4279 dolor
1244 4213 1312 4279 dic-

257 4321 362 4400 tabat,
402 4319 618 4406 suggerebat³
657 4319 747 4399 fides,
786 4342 860 4405 spes
904 4316 1144 4403 componebat!
1213 4316 1311 4384 Nunc

260 4424 356 4511 quasi
392 4422 618 4488 ratiocinando
656 4426 820 4509 provocat,
855 4442 944 4485 nunc
977 4419 1190 4507 supplicando
1228 4442 1312 4486 com·

332 4700 339 4729 ¹
354 4700 476 4767 r'nteriori]
495 4700 607 4761 interior,
620 4700 676 4752 MS.
854 4704 863 4731 ³
882 4701 1040 4767 supparetur]
1060 4704 1201 4768 superabat,
1213 4702 1269 4752 MS.

327 4782 337 4811 ²
350 4780 451 4845 primas]
470 4779 537 4841 imis,
549 4780 646 4830 Ailred
