3567 5800
481 817 545 880 314
688 833 691 838 ·
741 831 807 878 nro.
833 831 880 878 nu
902 829 1036 878 crunno.
1061 830 1149 878 sero.
1174 829 1261 878 nisr.

481 1024 515 1084 et
538 1041 592 1083 cor
625 1017 786 1104 pavidum
818 1017 938 1082 carlina
969 1014 1098 1101 ignivit.
1153 1016 1219 1082 His
1253 1016 1406 1082 omnibus
1426 1018 1535 1083 factus

481 1121 628 1196 alacrior,
659 1120 701 1184 ad
734 1119 920 1206 sepulcrum
951 1121 1048 1182 nocte
1082 1120 1234 1205 sequenti
1267 1120 1410 1185 accensis
1434 1123 1536 1186 cereis

274 1229 278 1240 ’
309 1246 466 1300 Consevius.
484 1224 639 1289 excubias
663 1223 849 1288 celebravit.
897 1223 980 1288 Erat
1002 1226 1116 1286 autem
1138 1222 1254 1309 vigilia
1268 1223 1451 1290 Dominicae
1465 1225 1536 1311 Ap

309 1313 424 1430 {⁰5³¹AE
481 1327 662 1413 pontionis,
705 1331 740 1390 et
786 1347 855 1388 nox
886 1323 1009 1411 triplici
1028 1325 1251 1392 iocunditate
1288 1326 1462 1405 sollemnia,
1498 1329 1536 1392 in

309 1397 377 1526 inpii.
390 1417 445 1496 vei·
480 1451 546 1515 qua
569 1435 603 1494 et
625 1429 706 1494 fides
739 1429 890 1516 gentium
913 1433 948 1492 et
981 1429 1193 1518 baptismatis
1225 1434 1466 1494 sacramentum
1499 1437 1536 1495 et

307 1530 427 1630 dedimus
480 1537 710 1602 miraculorum
742 1535 867 1601 Christi
901 1537 1149 1602 commendatur
1183 1535 1324 1601 initium.
1380 1537 1422 1601 In
1456 1560 1533 1602 con-

308 1647 435 1698 miraculis
481 1645 585 1712 ventu
607 1639 747 1704 fratrum
771 1638 888 1724 hymni
911 1646 1066 1707 resonant
1090 1645 1126 1706 et
1147 1645 1344 1726 concrepant
1366 1641 1533 1707 lectiones,

307 1723 422 1831 mum
481 1742 621 1807 Gerinus
655 1741 821 1814 Eduardo
855 1746 948 1807 totus
981 1743 1139 1818 intentus,
1183 1743 1335 1808 lacrimas
1366 1743 1465 1809 offert
1498 1751 1535 1809 et

307 1855 437 1938 sanctum„
479 1845 679 1932 multiplicat
711 1865 828 1931 preces.
883 1845 1068 1911 Edwardns
1091 1847 1260 1924 (lerinum,
1295 1845 1448 1912 Christus
1474 1870 1532 1912 ex-

306 1917 418 1965 ⁰⁰¹¹¹¹¹¹¹⁵'
478 1949 609 2013 audivit
647 1947 858 2028 Edwardrnn,
898 1952 933 2012 et
971 1970 1066 2036 opere
1104 1973 1170 2015 nno
1207 1973 1318 2037 regem
1355 1951 1461 2038 gloria
1498 1958 1534 2016 et

478 2051 600 2116 honore
623 2050 804 2128 sublimem,
840 2048 1000 2115 Gerinum
1022 2050 1170 2117 reddidit
1192 2051 1339 2118 febribus
1372 2053 1533 2120 extinctis

478 2155 682 2222 incolumem.

871 2576 950 2643 CAP.
975 2575 1135 2642 XLVIII.

306 2779 413 2898 potum
588 2767 639 2836 Do
661 2767 929 2836 sanctimoniali
951 2790 1058 2858 piram
1079 2766 1247 2836 adauae
1270 2769 1414 2836 miravit

521 2974 689 3040 REGULUS
710 2974 767 3039 ille
797 2974 889 3039 cuius
912 2974 1002 3039 filius
1036 2973 1269 3040 infirmabatur
1291 2974 1534 3062 Capharnaum,

475 3078 518 3143 ad
555 3076 740 3143 sanandum
778 3099 853 3143 eum
900 3077 1117 3143 necessariam
1161 3078 1362 3165 corporalem
1394 3077 1533 3143 Domini

475 3183 685 3270 praesentiarn
708 3186 808 3259 ratus,
842 3182 952 3245 minus
975 3180 1083 3245 fidelis
1114 3180 1217 3267 ipsius
1240 3180 1424 3246 Salvatoris
1457 3203 1532 3246 sen-

475 3286 581 3351 tentia
627 3284 802 3350 iudicatur.
866 3284 968 3349 Porro
1012 3283 1113 3348 fidem
1158 3284 1363 3349 centurionis
1408 3284 1450 3348 ob
1495 3286 1533 3350 id

475 3390 618 3454 maxime
642 3388 862 3453 Isralreleticae
884 3387 1063 3474 religioni
1086 3387 1282 3451 novimusab
1304 3388 1375 3474 ipso
1399 3388 1532 3453 Christo

475 3492 654 3577 praelatam,
688 3490 873 3577 quodcum
897 3490 940 3555 ad
971 3489 1066 3577 pueri
1088 3489 1178 3553 illins
1211 3490 1392 3576 paralysim
1420 3490 1528 3577 depel-

475 3594 606 3658 lendam
641 3616 737 3657 snum
767 3592 996 3679 spopondisset
1028 3592 1218 3669 adventum,
1259 3592 1421 3657 Divinam
1459 3594 1530 3657 eius

475 3698 682 3763 maiestatem
722 3698 788 3763 fide
832 3698 949 3784 plenus
988 3696 1187 3775 attendens,¹
1236 3702 1254 3731 “
1276 3697 1529 3784 Nequaquani,’'

475 3802 594 3887 inquit,
619 3808 637 3835 “
650 3801 814 3879 Domine3
852 3799 910 3865 sed
932 3804 1066 3865 tantum
1090 3800 1143 3865 dic
1165 3800 1275 3881 verbo,
1299 3806 1335 3865 et
1358 3800 1531 3866 sanabitur

307 3910 398 3962 anun
411 3920 436 3962 at
476 3926 557 3992 puer
586 3902 706 3969 meus,''
751 3903 862 3968 Huius
889 3903 968 3967 fidei
989 3902 1241 3968 similitudinem
1271 3904 1531 3969 sanctimonialis

303 3980 449 4096 effigia
478 4008 628 4095 quaedam
665 4006 789 4071 femina
825 4007 861 4071 in
899 4007 1098 4071 monasterio
1138 4006 1368 4093 Berkyngensi
1413 4006 1529 4087 zelata,

306 4122 412 4177 quanin
477 4112 567 4176 beati
590 4110 675 4195 regis
699 4110 856 4174 Edwardi
878 4109 998 4173 merita
1021 4130 1080 4173 sua
1114 4108 1261 4173 reddidit
1282 4109 1348 4175 fide
1382 4110 1529 4177 clariora

306 4194 379 4244 ΨΘ·
478 4214 666 4279 Laborabat
701 4212 790 4277 enim
813 4217 848 4277 et
878 4212 951 4299 ipsa
984 4216 1157 4299 quartanae
1179 4211 1281 4277 febris
1313 4214 1530 4291 incommodo,

476 4323 511 4383 et
533 4318 600 4383 iam
624 4316 654 4380 ei
676 4314 838 4381 secundus
860 4314 897 4378 in
928 4314 999 4402 ipso
1034 4316 1190 4401 languore
1225 4315 1387 4379 transiens
1421 4338 1531 4381 annua

476 4442 566 4506 spem
588 4417 819 4505 recuperandae
843 4417 997 4481 sanitatis
1020 4418 1196 4481 ademerat.
1252 4416 1316 4481 Die
1339 4439 1418 4482 vero
1448 4441 1530 4504 qua-

903 4724 1155 4778 ¹StMattvn18.
