3567 5800
420 868 468 918 na
490 870 607 920 orsrrs
629 871 750 923 aranu
771 872 971 924 susn--ur
996 860 1046 923 22.
1198 862 1261 925 113

214 1054 416 1121 sivixerint
445 1058 661 1139 continenter,
691 1059 720 1125 si
749 1060 884 1125 honeste
918 1082 952 1125 se
984 1059 1107 1126 habent
1136 1060 1179 1125 ad
1208 1080 1262 1126 cos

213 1158 273 1241 qui
293 1157 374 1223 foris
395 1164 482 1240 sunt,
509 1161 538 1226 si
559 1162 596 1225 in
618 1161 752 1227 Divinis
775 1160 890 1227 officiis
920 1161 1063 1240 solliciti,
1086 1163 1114 1227 si
1137 1162 1181 1227 ad
1203 1162 1261 1228 do-

211 1260 332 1325 cendos
363 1262 499 1349 populos
532 1264 663 1341 assidui,
698 1264 727 1329 si
759 1264 854 1330 victu
889 1264 1000 1343 sobrii,
1035 1264 1062 1329 si
1100 1264 1261 1331 moderati

211 1360 340 1441 habitu,
362 1364 391 1429 si
413 1365 450 1429 in
471 1366 600 1431 iudiciis
623 1366 755 1432 discreti
777 1370 863 1431 sunt.
909 1366 992 1433 Pace
1007 1372 1118 1433 vestra
1137 1368 1261 1453 loquor,

210 1467 381 1533 reverendi
412 1472 545 1553 patree3
579 1468 608 1533 si
638 1470 705 1533 ista
734 1469 859 1535 sollerti
889 1468 1046 1535 scrutinio
1077 1470 1258 1549 curassetis,

210 1588 279 1631 non
301 1573 371 1633 tam
393 1570 556 1635 horrenda
577 1576 612 1637 et
633 1571 856 1637 abominanda
876 1572 921 1637 ad
942 1594 1036 1637 aures
1067 1577 1195 1639 nostras
1219 1572 1259 1638 de

209 1668 335 1735 clericis
355 1673 589 1757 pervenissent.
649 1672 760 1753 Taceo,
784 1674 873 1761 quod
898 1694 958 1741 nec
979 1674 1046 1739 illis
1069 1678 1119 1739 est
1141 1696 1259 1739 corona

210 1776 337 1857 patens,
360 1795 420 1839 nec
448 1779 587 1841 tonsura
607 1776 814 1855 conveniens,
829 1776 918 1861 quod
940 1776 976 1841 in
999 1780 1092 1843 veste
1114 1776 1257 1855 lascivia,

209 1873 388 1941 insolentia
424 1877 461 1941 in
496 1882 603 1965 gestu,
640 1878 677 1943 in
714 1878 823 1943 verbis
854 1876 1049 1965 turpitud0‚¹
1088 1878 1258 1943 interioris

209 1976 353 2043 hominis
375 1978 534 2065 loquutur
554 1980 740 2046 insaniam:
762 1985 923 2068 praeterea
937 1981 974 2045 in
994 1980 1129 2047 Divinis
1144 1980 1258 2046 officiis

209 2085 338 2164 quanta
358 2082 403 2147 sit
424 2084 635 2169 negligentia,
667 2104 741 2149 cum
779 2084 878 2149 sacris
908 2083 1033 2171 vigiliis
1062 2084 1124 2149 vix
1155 2084 1257 2149 inter-

210 2204 281 2248 esse
303 2184 490 2269 dignentur,
512 2208 588 2250 cum
607 2186 652 2251 ad
680 2186 854 2251 missarum
883 2186 1055 2252 sollemnia
1076 2187 1119 2252 ad
1142 2186 1256 2253 luden-

211 2284 293 2349 dum
314 2286 367 2351 vel
393 2287 567 2353 ridendum
590 2290 695 2375 magis
728 2312 828 2375 quam
861 2288 1091 2377 psallendum²
1123 2310 1256 2375 congre-

208 2387 283 2473 gati
297 2389 480 2457 videantur.
525 2391 651 2471 Dicam,
675 2391 790 2472 dicam,
815 2392 904 2478 quod
925 2393 1004 2457 boni
1026 2393 1152 2479 lugent,
1175 2392 1255 2457 mali

207 2489 340 2570 rident,
374 2492 480 2557 dicam
510 2493 631 2570 dolens,
663 2492 693 2558 si
721 2499 834 2559 tamen
864 2494 929 2560 dici
951 2500 1068 2582 potest,
1091 2497 1253 2582 quomodo
1266 2498 1421 2553 noeoeane-

207 2592 362 2659 diffluant
394 2595 431 2659 in
464 2596 754 2663 comessationibus
777 2602 811 2662 et
843 2598 1068 2677 ebrietatibus,
1100 2598 1135 2662 in
1165 2570 1413 2703 cubi-ww

205 2695 295 2761 libus
309 2702 344 2762 et
364 2697 589 2785 impudicitiis,
604 2702 644 2765 ut
658 2698 725 2764 iam
748 2700 862 2765 domus
884 2700 1072 2767 clericorum
1094 2705 1254 2786 putentur

206 2800 392 2885 prostibula
416 2802 632 2879 meretricum,
656 2802 906 2868 conciliabulum
935 2802 1141 2869 histrionum.
1200 2804 1254 2868 Ibi

206 2902 296 2980 aleae,
320 2904 368 2968 ibi
389 2905 493 2970 saltus
515 2911 550 2970 et
571 2910 697 2987 cantus,
719 2905 768 2971 ibi
789 2905 951 2991 usquead
980 2905 1125 2972 medium
1148 2907 1253 2973 noctis

205 3006 353 3092 spatium
386 3013 563 3094 protracta
600 3030 675 3074 cum
708 3009 848 3074 clamore
887 3013 922 3072 et
954 3007 1087 3074 homere
1119 3009 1251 3095 νίψω.

206 3107 273 3188 Sic,
311 3109 358 3176 sic
394 3110 595 3196 patrimonia
634 3132 760 3197 regum,
798 3111 1014 3196 eleemosynas
1058 3111 1250 3198 principum,

204 3210 320 3290 immo,
342 3212 430 3298 quod
450 3213 556 3300 magis
578 3217 636 3291 est,
652 3212 741 3278 illius
762 3213 896 3299 pretiosi
918 3213 1088 3300 sanguinis
1109 3215 1252 3300 pretium

204 3313 409 3400 profligatur.
467 3317 523 3380 Ad
537 3315 599 3382 hoc
620 3314 724 3402 igitur
746 3316 970 3380 exhauserunt
991 3316 1162 3382 thesauros
1177 3339 1252 3382 suos

204 3423 317 3502 patres
338 3417 451 3497 nostri,
483 3417 525 3483 ad
555 3417 617 3483 hoc
645 3418 743 3484 fiscus
772 3418 882 3504 regius
913 3417 1068 3484 detractis
1090 3417 1252 3484 reditibus

203 3519 321 3585 multis
342 3520 516 3599 detumuit,
540 3521 583 3585 ad
605 3520 667 3586 hoc
688 3519 831 3586 ecclesiis
858 3519 984 3586 Christi
1007 3541 1101 3608 agros
1124 3525 1158 3586 et
1180 3543 1252 3608 pos·

204 3623 364 3689 sessiones
411 3623 529 3711 regalis
577 3623 807 3689 munificentia
852 3623 1004 3705 contulit,
1039 3627 1079 3689 ut
1126 3624 1251 3692 deliciis

203 3724 393 3791 clericorum
414 3725 600 3791 meretrices
621 3730 787 3802 ornentur,
809 3724 979 3792 luxuriosa
1001 3725 1155 3793 convivia
1168 3749 1251 3814 prae·

202 3832 370 3914 parentur,
401 3849 497 3894 canes
518 3833 553 3894 et
575 3849 653 3894 aves
674 3849 713 3894 ac
733 3828 816 3893 talia
843 3827 970 3894 ludicra
999 3834 1249 3917 comparentur!

203 3929 290 3996 Haec
318 3929 440 3996 milites
471 3930 625 4008 clamant,
658 3930 750 4018 plebs
779 3931 1034 4010 submurmurat,
1058 3932 1151 3996 mimi
1174 3953 1250 3997 oan-

201 4038 282 4098 tant
304 4037 341 4098 et
370 4032 518 4112 saltant3
551 4038 586 4098 et
616 4054 676 4099 vos
709 4032 889 4120 negligitis,
924 4055 984 4100 vos
1015 4034 1158 4120 parcitis,
1189 4056 1249 4100 vos

202 4134 441 4200 dissimulatis!
499 4135 570 4200 Ubi
599 4133 730 4222 gladius
753 4135 836 4200 Levi
866 4140 901 4200 et
930 4135 1045 4200 zelus³
1067 4135 1249 4222 Symeonis,

203 4238 263 4322 qui
284 4242 325 4302 nt
346 4241 454 4303 scorto
475 4235 651 4303 abutentes
681 4239 752 4303 filia
781 4238 886 4304 Jacob
914 4237 1113 4320 sichimitas,
1136 4259 1249 4304 eorum

200 4341 361 4407 habentes
382 4341 523 4428 figuram
545 4341 603 4426 qui
627 4340 751 4407 Christi
774 4340 941 4407 ecclesiam
964 4340 1099 4427 pollutis
1121 4341 1250 4408 actibus

233 4695 400 4762 'turpiludd
419 4695 527 4760 turpido,
543 4693 600 4746 MS.
714 4693 720 4828 Ι
766 4692 969 4760 'zelnshhelua
986 4693 1043 4746 MS.

231 4764 241 4792 ¹
257 4761 425 4828 psallendus]
444 4763 608 4827 spallendum,
620 4761 676 4812 MS.
882 4772 884 4783 ¹

293 4859 363 4908 VOL
385 4859 422 4906 11.
1119 4858 1145 4907 H
