3567 5800
320 1697 390 1747 wis.

319 1764 406 1815 Mum.
417 1765 453 1823 ii..

322 1836 376 1892 mr,
388 1846 411 1897 μ
421 1837 476 1884 rsa

317 2174 452 2227 Hundreds

319 2244 369 2291 and
380 2244 440 2293 tirh-

318 2309 382 2375 inge

316 3317 413 3369 Golden

316 3387 436 3437 bracelets

315 3451 386 3516 hung
397 3469 431 3518 up

314 3518 349 3582 by
360 3520 403 3568 the

313 3585 399 3647 publio

314 3653 396 3702 roads.

493 851 535 913 42
755 866 821 914 luc.
844 866 891 913 nn
914 866 1047 915 crnnuc.
1070 868 1158 917 senc.
1182 868 1269 917 msr.

491 1074 511 1114 a
537 1052 650 1136 paucis
674 1052 790 1117 incolis
814 1052 1034 1118 inhabitatam
1061 1054 1237 1131 diruentes,
1268 1054 1367 1119 aliam
1396 1056 1459 1119 sibi
1482 1056 1538 1118 fir-

492 1153 628 1217 miorem
665 1155 701 1219 in
737 1154 808 1219 loco
845 1155 902 1240 qui
933 1156 1089 1242 Appeltre
1123 1157 1243 1221 dicitur
1272 1162 1534 1223 construxerunt

491 1254 562 1321 Nec
587 1256 692 1321 multo
715 1263 790 1343 post
816 1257 951 1343 quidam
979 1258 1104 1339 Dauus,
1131 1260 1291 1325 vocabulo
1318 1260 1469 1335 Hostem,
1493 1281 1537 1324 ex

488 1358 612 1423 eisdem
641 1358 791 1445 partibus
821 1382 896 1425 cum
926 1361 1068 1425 navibus
1098 1364 1266 1448 octoginta
1295 1364 1416 1427 ostium
1453 1362 1536 1427 Tha-

489 1462 609 1526 mensis
630 1462 776 1527 fluminis
798 1463 936 1540 intrans,
954 1465 1170 1529 munitionem
1193 1464 1258 1529 sibi
1280 1466 1316 1529 in
1330 1466 1413 1530 villa
1434 1466 1535 1551 regia,

492 1588 566 1650 quae
597 1564 803 1633 Middletona
826 1566 957 1643 dicitur,
985 1566 1113 1653 magnis
1145 1566 1342 1653 sumptubus
1373 1568 1534 1653 inceptam

490 1669 737 1733 consummavit.
787 1668 854 1735 Sed
891 1690 966 1733 cum
1004 1670 1148 1754 undique
1185 1670 1255 1756 regi
1293 1669 1429 1735 Alfredo
1467 1671 1535 1735 sive

493 1770 636 1836 Aluredo
649 1770 794 1836 hostium
816 1771 1017 1837 incursiones
1039 1771 1256 1847 imminerent,
1281 1777 1323 1850 et,
1340 1777 1379 1836 ut
1401 1771 1535 1857 quidum

488 1879 646 1951 asserunt,
673 1875 760 1961 leges
782 1874 870 1939 inter
897 1895 988 1939 arma
1017 1874 1143 1952 sileant,
1174 1874 1243 1961 ipse
1266 1873 1355 1938 inter
1380 1875 1536 1939 stridores

487 1976 698 2041 buccinarum
721 1982 755 2041 et
786 1976 930 2063 fragores
952 1976 1112 2041 bellorum
1138 1981 1174 2041 et
1197 1997 1362 2041 armorum
1383 1974 1537 2041 frunitus

486 2078 573 2164 leges
591 2078 670 2143 tulit
688 2083 722 2143 et
741 2078 959 2143 observandas
981 2078 1129 2157 tradidit,
1153 2078 1273 2163 quibus
1294 2080 1395 2143 suist
1422 2079 1536 2143 divino

487 2182 591 2246 cultui
613 2185 648 2245 et
670 2180 850 2267 disciplinae
864 2186 1083 2245 assuescerent
1105 2180 1248 2245 militari
1294 2180 1339 2245 Et
1361 2182 1440 2265 quia
1462 2180 1536 2245 bnr-

486 2286 641 2349 barorum
656 2284 822 2349 occasione
836 2284 937 2348 etiam
952 2282 1128 2370 indigenae¹
1149 2283 1191 2347 ad
1213 2283 1345 2369 rapinas
1359 2283 1536 2349 anhelave-

485 2392 570 2463 rant,
587 2386 637 2452 ita
651 2391 691 2451 ut
705 2386 767 2450 vix
790 2386 848 2451 ulli
871 2390 965 2450 tutus
987 2392 1072 2451 esset
1094 2385 1192 2463 locus,
1209 2386 1263 2450 vel
1283 2386 1353 2450 sine
1368 2408 1534 2451 armorum

484 2491 637 2579 praesidio
674 2494 880 2568 commeatus,
920 2490 1090 2568 centurias,
1131 2512 1212 2575 quas
1251 2488 1460 2567 Hundredos,
1498 2496 1535 2555 et

483 2594 634 2673 decimas,
658 2615 739 2679 quas
761 2592 957 2679 Thithingas
980 2592 1154 2681 appellant,
1172 2592 1341 2658 instituit:
1367 2598 1406 2657 ut
1428 2594 1534 2657 omnis

484 2697 671 2782 Angligena
700 2695 849 2782 legaliter
879 2695 996 2761 vivens
1033 2698 1066 2761 et
1103 2694 1285 2761 centuriam
1323 2694 1460 2759 baberet
1497 2702 1532 2759 et

483 2799 664 2877 decimam;
707 2798 795 2883 quod
818 2798 846 2862 si
870 2796 1031 2884 quisquis²
1045 2798 1183 2862 alicuius
1198 2798 1308 2862 delicti
1338 2802 1532 2883 argueretur

482 2901 696 2981 incommodo,
732 2902 847 2966 statim
877 2901 1112 2967 exhiberentur
1149 2923 1192 2966 ex
1230 2902 1378 2966 centuria
1409 2905 1442 2965 et
1472 2901 1529 2986 qui

483 3027 559 3070 eum
582 3005 784 3089 vadarentur
803 3009 838 3069 et
859 3005 985 3070 decima
996 3030 1004 3084 ;
1028 3006 1085 3090 qui
1107 3025 1186 3069 vero
1209 3003 1397 3068 huiusmodi
1413 3003 1530 3067 vadem

482 3128 549 3172 non
570 3105 716 3186 haberet,
731 3106 840 3193 legum
862 3107 1072 3172 severitatem
1094 3100 1218 3172 subiret
1229 3129 1238 3182 ;
1263 3111 1297 3170 et
1319 3106 1347 3171 si
1363 3105 1435 3191 quis
1451 3109 1530 3170 mite

482 3210 692 3275 vadationem
713 3208 768 3274 vel
789 3216 863 3295 post
886 3209 1064 3295 aufugeret,
1089 3231 1200 3274 omnes
1222 3229 1265 3273 ex
1287 3207 1436 3272 centuria
1459 3207 1530 3271 eius

482 3318 517 3379 et
547 3313 672 3377 decima
701 3312 788 3398 regis
825 3311 987 3377 multam³
1024 3313 1234 3377 incurrerent.
1296 3309 1369 3376 Hoc
1398 3332 1530 3396 quoque

482 3419 666 3481 commento
688 3436 800 3500 paoem
821 3414 945 3479 infudit
966 3414 1151 3500 provinciis,
1174 3417 1213 3476 ut
1236 3413 1335 3478 etiam
1362 3434 1422 3498 per
1444 3411 1529 3498 pub-

482 3517 561 3582 licos
592 3537 733 3602 aggeres,
765 3520 800 3580 et
828 3517 887 3580 ubi
925 3515 1051 3582 semitae
1087 3516 1261 3580 finduntur
1290 3515 1325 3578 iu
1355 3515 1528 3600 quadrum,

483 3619 628 3684 armillas
643 3619 770 3683 iuberet
785 3641 899 3682 aureas
922 3618 1069 3704 appendi,
1086 3624 1124 3683 ut
1140 3617 1303 3681 viantium
1329 3615 1529 3682 aviditatem

482 3721 659 3799 irritarent,
684 3741 757 3785 cum
779 3743 846 3786 non
868 3726 953 3787 esset
976 3721 1033 3807 qui
1055 3743 1109 3786 eas
1131 3720 1301 3806 abriperet.

511 4067 518 4098 ¹
537 4067 665 4134 indipruoe]
679 4067 853 4134 indignatis.
1060 4066 1190 4132 ¹mullum]
1201 4065 1314 4122 multum,
1327 4061 1382 4112 MS.

509 4149 519 4176 ²
535 4147 657 4213 quemad]
676 4148 740 4213 quis,
751 4149 815 4213 liog.
828 4148 918 4200 Wend.
