3567 5800
339 1172 366 1221 in
375 1173 496 1238 Englnnd

339 1241 401 1289 aster

337 1307 477 1358 Dunstan's

338 1374 420 1425 deatla

514 821 578 885 138
779 836 844 885 mc.
868 835 915 884 nn
937 835 1068 884 ornare.
1091 835 1180 886 seso.
1203 835 1289 885 msr.

509 1013 578 1079 eius
608 1017 792 1083 absentiam
844 1019 949 1085 ferre¹
987 1042 1079 1106 posse
1119 1019 1319 1086 viderentur.
1380 1017 1470 1082 Nam
1506 1037 1551 1082 se-

508 1119 652 1184 cundum
685 1121 788 1206 ipsius
821 1121 989 1187 Dunstani
1011 1122 1213 1200 vaticinium,
1237 1121 1324 1208 quod
1354 1119 1392 1184 in
1424 1139 1552 1185 corona

508 1221 598 1287 tione
634 1223 721 1310 regis
760 1224 931 1290 Ethelredi
968 1226 1246 1312 promulgaverat,
1286 1223 1376 1310 quod
1421 1227 1553 1310 propter

508 1330 647 1390 mortem
670 1327 783 1393 fratris
805 1328 856 1393 sui
880 1327 1049 1407 Edwardi,
1071 1328 1158 1394 sicut
1180 1327 1406 1414 praemisimus,
1432 1326 1551 1390 iniuste

507 1427 674 1494 interfecti
706 1430 791 1496 ultio
826 1431 953 1496 Divina
983 1431 1020 1495 in
1055 1433 1164 1518 ipsum
1196 1430 1414 1497 Ethelredum
1453 1435 1487 1494 et
1519 1428 1552 1492 in

508 1530 641 1596 domum
663 1533 733 1597 eius
747 1533 833 1599 foret
854 1533 975 1612 futura,
991 1557 1012 1598 a
1027 1555 1155 1600 summa
1176 1556 1254 1620 pace
1276 1535 1317 1599 fit
1339 1532 1551 1598 commutatio

507 1634 550 1697 ad
572 1635 696 1700 bellum
717 1635 931 1715 intolerabile,
947 1637 990 1701 ab
1012 1638 1173 1702 immensa
1194 1636 1314 1702 laetitia
1329 1636 1372 1701 ad
1387 1656 1551 1702 enormem

507 1736 687 1816 tristitiam,
711 1739 753 1803 ab
776 1740 924 1804 omnium
955 1761 1065 1804 rerum
1096 1739 1302 1805 abundantia
1335 1738 1378 1804 ad
1407 1739 1550 1804 omnium

506 1861 616 1904 rerum
637 1841 864 1928 indigentiam.
911 1842 1061 1927 Denique
1084 1865 1141 1907 aer
1161 1844 1231 1929 ipse
1263 1843 1462 1907 immutatus
1485 1845 1551 1919 est3

506 1944 671 2009 naturales
693 1950 879 2032 temporum
898 1945 1142 2011 vicissitudines
1165 1945 1369 2010 dissidebant
1391 1945 1550 2022 invicem;

506 2048 625 2112 coelum
657 2070 724 2114 non
757 2049 932 2114 exaudivit
975 2049 1135 2128 tellurem,
1169 2070 1229 2115 nec
1266 2049 1364 2114 tellus
1403 2070 1443 2114 ea
1481 2069 1549 2133 qua

505 2150 753 2216 seminabantur
774 2153 811 2216 in
834 2175 881 2218 ea
929 2151 1071 2218 Hostilis
1103 2152 1246 2217 incursio
1278 2152 1401 2218 foedam
1429 2151 1549 2236 ubique

504 2253 619 2319 faciem
652 2255 836 2340 dereliquit,
859 2256 938 2320 dum
974 2278 1085 2320 eorum
1112 2254 1295 2342 irruptione
1326 2255 1424 2320 urbes
1448 2256 1549 2320 dirue·

504 2362 626 2434 rentur,
650 2357 789 2424 ecclesiae
820 2359 1050 2444 spoliarentur,
1085 2358 1327 2424 suffoderentur
1358 2359 1485 2431 altaria,
1517 2361 1547 2422 et

504 2459 686 2526 sacerdotes
708 2461 845 2528 Domini
868 2462 1138 2528 interficerentur.

621 2723 869 2790 Oosrnmno.
917 2723 967 2790 De
986 2723 1221 2810 persecutione
1243 2722 1438 2791 Dorrorulu.

549 2911 703 2979 ImPLmA
724 2920 775 2981 cst
796 2915 902 3002 igitur
924 2914 1097 3004 prophetia
1128 2916 1218 2983 beati
1248 2918 1429 2997 Dunstani,
1452 2938 1545 3005 quarn

505 3018 603 3102 paulo
635 3022 713 3083 ante
745 3019 971 3105 praemisimus
1011 3021 1080 3107 regi
1118 3020 1296 3088 Ethelredo
1335 3022 1546 3095 denuntiata;

395 3147 410 3177 v
506 3121 658 3186 videlicet
687 3122 746 3186 ubi
784 3121 892 3187 dixit:
931 3121 1127 3201 “Quoniam
1159 3124 1310 3211 aspirasti
1342 3125 1384 3188 ad
1417 3144 1546 3211 regnum

505 3246 563 3310 per
584 3229 722 3290 mortem
746 3224 859 3290 fratris
880 3226 940 3303 tui,
964 3248 1061 3311 quem
1090 3225 1211 3292 occidit
1241 3232 1348 3291 mater
1371 3232 1451 3305 tua3
1485 3248 1546 3291 non

504 3326 634 3394 deficiet
656 3328 785 3414 gladius
819 3329 859 3394 de
896 3328 992 3394 domo
1026 3336 1094 3407 tua,
1117 3330 1256 3395 saeviens
1287 3330 1323 3394 in
1345 3335 1380 3395 te
1403 3330 1545 3395 omnibus

504 3430 618 3496 diebus
640 3434 721 3497 vitre
745 3437 820 3509 tuae,
844 3432 1046 3497 interficiens
1069 3432 1110 3498 de
1134 3432 1257 3497 semine
1291 3438 1360 3513 tuo,
1383 3454 1546 3520 quousque

503 3556 641 3620 regnum
665 3541 760 3600 tuum
787 3534 1005 3600 transferatur
1038 3535 1075 3599 in
1109 3558 1246 3622 regnum
1282 3534 1436 3619 alienum,
1459 3536 1545 3602 cuius

502 3638 605 3702 ritum
628 3642 662 3703 et
683 3638 832 3725 linguam
854 3660 935 3725 gens
957 3638 1011 3703 cui
1045 3637 1201 3724 praesides
1223 3660 1289 3705 non
1313 3639 1417 3705 novit.
1475 3638 1542 3704 Nec

502 3743 692 3830 expiabitur
714 3743 779 3808 nisi
800 3743 900 3831 longa
921 3742 1070 3808 vindicta
1103 3749 1271 3830 peccatum
1304 3750 1400 3810 tuum
1424 3752 1458 3812 et
1480 3768 1546 3833 pec-

502 3853 613 3914 catum
646 3848 762 3912 matris
795 3851 863 3912 tuae
895 3852 930 3911 et
965 3851 1133 3933 peccatum
1156 3849 1303 3913 virorum
1326 3848 1469 3930 illorum,
1492 3850 1559 3935 qui¹

501 3951 725 4017 interfuerunt
747 3950 882 4016 consilio
905 3972 1048 4035 nequam
1071 3950 1187 4015 matris
1202 3950 1297 4017 tuae.”
1342 3950 1431 4017 Nem
1447 3953 1547 4017 Danis

332 4070 479 4122 meursions
503 4079 562 4143 per
583 4061 690 4122 totam
713 4053 869 4141 Angliam
904 4054 1160 4141 pervagantibus
1194 4059 1228 4119 et
1259 4056 1403 4120 locorum
1431 4056 1547 4122 desola-

332 4138 362 4187 of
375 4138 417 4189 the

331 4205 425 4257 uanos.

335 4284 374 4333 cf.
385 4286 453 4335 Flor.

333 4350 440 4417 vigona

334 4417 402 4470 AJ).
415 4424 471 4470 994.

504 4160 589 4224 tioni
619 4180 657 4223 ac
690 4156 911 4248 interfectioni
941 4156 1064 4221 civium
1097 4178 1230 4244 operam
1264 4158 1429 4239 dantibus,
1466 4159 1546 4225 Nor·

504 4262 674 4327 thumbria
710 4265 784 4325 tota
820 4259 939 4324 extitit
977 4260 1198 4347 depopulata:
1244 4261 1300 4325 sed
1335 4263 1470 4327 tandem
1506 4262 1545 4327 ab

505 4364 626 4452 Anglis
664 4364 774 4428 hostes
804 4362 913 4449 fugati
944 4368 1029 4430 sunt.
1098 4362 1226 4428 Deinde
1259 4362 1370 4430 hostes
1401 4364 1546 4453 praedicti

505 4467 710 4533 Londoniam
744 4470 939 4554 petentesa
968 4465 1095 4531 civibus
1129 4486 1201 4531 cum
1234 4488 1356 4553 magna
1386 4468 1546 4554 probitate

504 4577 583 4636 sunt
605 4570 733 4659 repulsi
789 4568 950 4651 Quocirca
974 4568 1084 4634 hostes
1118 4569 1328 4657 desperantes
1355 4592 1451 4657 posse
1477 4570 1544 4657 capi

887 4874 983 4941 'serrq
998 4874 1105 4939 ecferre,
1117 4872 1172 4927 MS.
1251 4950 1253 4955 ι
