3567 5800
470 891 518 943 nn
537 889 653 944 orsus
674 887 797 942 nour!
818 887 1017 978 suan-7111.
1042 878 1070 942 3.
1255 877 1296 942 31

255 1077 351 1145 huius
397 1079 490 1166 regni
532 1076 668 1144 tandem
711 1077 874 1143 translata
916 1077 1051 1144 fuerunt
1088 1077 1125 1143 in
1163 1097 1300 1164 rognum

254 1181 514 1248 westsaxonum
571 1179 618 1245 Et
655 1179 729 1246 idao
766 1179 942 1246 verisimile
981 1186 1039 1259 est,
1073 1180 1163 1268 quod
1199 1201 1301 1266 quum

253 1284 316 1350 isto
345 1282 500 1361 Alfrsdus
530 1283 600 1348 sius
634 1282 799 1350 Alursdus
837 1282 903 1348 fuit
938 1283 1078 1350 sooundo
1110 1283 1301 1371 Wyntonirs

254 1393 437 1469 coronatus,
477 1392 512 1453 et
560 1385 737 1452 monarcha
780 1385 913 1474 Angliae
958 1387 1302 1476 constitutus—quod

254 1495 334 1557 tuno
362 1489 486 1556 eisdem
514 1488 681 1576 rogatibus
710 1509 809 1577 penes
838 1510 873 1554 se
903 1489 1046 1556 detentis
1071 1489 1180 1557 fuerat
1202 1492 1302 1579 insig-

253 1593 353 1671 nitus,
389 1591 509 1678 quibus
537 1592 643 1678 primo
672 1591 739 1656 fuit
776 1591 889 1657 Romae
919 1614 940 1657 a
970 1591 1118 1660 Romano
1147 1595 1302 1682 pontifics

253 1700 438 1764 ooronatus.
492 1694 539 1760 Et
575 1695 622 1760 sio
657 1715 717 1782 per
757 1695 1008 1762 translationem
1046 1696 1193 1762 omnium
1230 1719 1301 1785 rug-

253 1820 373 1866 norum
411 1797 661 1885 particularium
698 1798 735 1864 in
774 1819 912 1886 regnum
943 1797 1197 1866 westsaxonum
1233 1800 1300 1882 illa,

254 1923 329 1990 quae
373 1900 479 1989 primo
533 1899 668 1966 fuerunt
720 1901 844 1988 regalia
897 1902 990 1988 regni
1035 1900 1301 1984 Wsstsaxonum‚

255 2005 394 2072 taudem
417 2009 451 2069 et
476 2003 573 2069 modo
601 2002 737 2070 fuerunt
760 2009 796 2072 et
821 2007 901 2070 sunt
930 2005 1054 2094 rogalia
1080 2005 1185 2073 totius
1209 2006 1302 2096 regni

303 2211 386 2277 “Ad
416 2211 591 2277 secundam
629 2210 825 2276 instantiam
856 2211 1080 2298 respondetur,
1112 2215 1200 2300 quod
1234 2213 1300 2296 illa,
1315 2232 1398 2286 Tama

257 2337 331 2404 qnae
362 2315 460 2380 modo
495 2318 573 2379 sunt
605 2313 729 2401 regalia
757 2313 856 2379 huius
885 2315 988 2402 regni,
1017 2316 1152 2382 fuorunt
1181 2319 1303 2407 regalia
1315 2300 1465 2420 ffissffzhff‘

257 2418 385 2484 Alfrodi
415 2416 484 2482 sive
513 2415 652 2481 Aluredi
690 2421 724 2481 et
763 2417 865 2483 etiam
904 2419 1008 2484 sancfi
1048 2417 1212 2486 Edwardi.
1257 2421 1304 2487 Et
1314 2435 1412 2500 regalis

257 2543 358 2608 quaro
393 2519 535 2608 ascripta
567 2524 646 2584 sunt
683 2524 797 2585 sancto
838 2519 1028 2587 Eduardo?
1082 2521 1161 2588 Tres
1199 2545 1304 2592 causae
1316 2516 1467 2620 ἔξω

258 2628 416 2711 poterunt
438 2622 607 2709 msignari.
655 2621 776 2704 Prima,
802 2623 882 2709 quia
906 2645 966 2689 rex
990 2623 1175 2692 Edwardus
1198 2629 1304 2694 vitam
1317 2635 1426 2686 novun

257 2732 406 2792 sanctam
435 2727 555 2790 duoens
584 2725 621 2789 in
648 2724 747 2790 terris
784 2730 819 2791 et
855 2726 924 2791 iam
953 2731 1140 2794 sanctorum
1170 2731 1305 2818 collegio
1317 2700 1440 2820 won-

258 2830 391 2895 iunctus
413 2827 451 2894 in
477 2827 576 2908 ooelis,
602 2848 644 2892 ex
671 2848 709 2892 so
734 2827 794 2893 illa
818 2830 943 2917 regalia
963 2829 1124 2898 haberant
1147 2833 1184 2898 in
1209 2855 1307 2922 repu-

259 2936 387 3000 tatione
410 2931 486 3020 plus
507 2931 648 3011 honoria,
667 2952 733 3017 quo
753 2938 846 2998 artus
872 2938 907 2999 ot
933 2934 1081 3001 membra
1106 2942 1176 3004 tam
1202 2940 1307 3005 sancti

258 3038 345 3125 regis
371 3042 406 3103 et
431 3035 570 3122 virginis
599 3040 824 3101 oontsxomnt.
882 3036 1033 3103 Secunda
1077 3062 1180 3121 nausa,
1219 3043 1306 3127 quia,

259 3142 346 3206 siam
371 3142 505 3205 sanstus
536 3136 721 3203 Edwardus
744 3139 869 3225 primus
891 3139 957 3206 fuit
982 3142 1039 3229 qui
1064 3142 1152 3230 loges
1175 3143 1308 3210 univer·

260 3244 344 3309 salos
381 3246 417 3307 st
455 3239 555 3305 utilas
596 3239 728 3327 Angliae
767 3240 935 3308 ordinavit
975 3266 1033 3332 per
1071 3267 1152 3331 quas
1190 3246 1308 3314 debeat

261 3346 403 3435 populus
431 3342 616 3430 gubernari,
642 3342 693 3408 ita
715 3343 758 3410 ab
783 3343 854 3430 ipso
880 3346 1006 3433 rogalia
1030 3349 1117 3435 rogis
1147 3355 1181 3416 st
1211 3351 1305 3437 regni

259 3470 382 3515 nomen
431 3445 602 3531 aooipiant,
657 3446 715 3531 qui
763 3445 863 3512 debet
908 3448 943 3513 in
986 3449 1116 3516 iustitia
1167 3453 1308 3520 solidari.

261 3553 375 3619 Tertia
397 3571 502 3626 oausa,
521 3548 599 3635 quia
624 3548 710 3615 forto
734 3550 900 3636 regalibus
926 3552 1054 3619 Alfrodi
1078 3556 1147 3621 sive
1171 3558 1307 3625 Alursdi

260 3657 374 3742 aliqua
411 3650 639 3739 superaddidit
673 3674 734 3719 rex
770 3652 964 3737 oswardus,
996 3662 1030 3723 et
1062 3659 1109 3725 sio
1141 3660 1214 3748 ipsa
1247 3663 1307 3729 sub

260 3754 405 3842 perfeeto
432 3749 568 3817 reduxit
598 3751 842 3837 complemento.
889 3753 926 3819 Si
953 3758 1041 3821 enim
1071 3759 1144 3845 quis
1170 3760 1307 3827 sdiouius

260 3858 378 3923 domus
399 3858 532 3921 tantum
560 3852 661 3919 iaciat
682 3854 908 3935 fundamenta,
933 3858 1067 3925 stulius
1096 3866 1169 3927 tum
1198 3885 1308 3930 muros

261 3965 418 4048 apponat,
442 3966 476 4022 et
500 3955 620 4020 tertius
643 3962 768 4023 tectum
790 3964 960 4027 construat
984 3966 1018 4027 et
1042 3962 1088 4029 sio
1110 3964 1243 4031 domum
1265 3968 1310 4033 ad
1429 3942 1436 3957 ⁶

259 4064 441 4153 perfectam
480 4058 645 4124 unitatum
683 4060 834 4142 udduoat,
875 4063 940 4128 sibi
969 4068 1078 4132 totum
1116 4088 1196 4155 opus
1237 4071 1309 4135 vul-

259 4166 387 4255 gariter
435 4167 486 4229 ast
530 4160 715 4248 ascriptum.
781 4164 836 4231 Sio
880 4165 975 4245 forto,
1024 4169 1102 4255 quia
1146 4172 1310 4259 regalibus

259 4268 392 4337 Alfrsdi
431 4266 502 4331 sivo
547 4261 689 4331 Aluredi
729 4288 787 4353 per
832 4267 1037 4335 Edwardum
1082 4272 1193 4360 aliqua
1233 4282 1312 4343 sunt

258 4371 404 4452 adiecta,
428 4374 464 4436 st
489 4366 535 4433 sio
560 4366 603 4431 ad
629 4368 808 4455 perfectum
834 4374 868 4436 et
896 4371 1012 4438 decons
1038 4376 1310 4463 complementum

258 4474 408 4550 reducta,
452 4471 526 4536 ideo
568 4470 665 4536 modo
706 4472 777 4559 ipsa
822 4474 946 4562 regalia
990 4482 1101 4543 sancto
1148 4480 1311 4550 Eduardo

257 4576 476 4645 ascribuntur
499 4580 534 4641 st
560 4574 663 4663 ipsius
685 4574 829 4663 insignia
852 4581 924 4641 tam
950 4578 986 4643 in
1009 4582 1137 4668 seriptis
1163 4584 1310 4666 diversio,

258 4702 365 4768 quam
387 4679 490 4744 etiam
517 4676 706 4765 vulgariter,
729 4684 969 4767 nuncupantur.
1016 4680 1087 4749 Neo
1113 4691 1163 4751 ost
1186 4686 1223 4752 in
1248 4691 1313 4756 ista

258 4782 405 4849 matario
443 4782 628 4859 tacendum,
671 4782 751 4867 quin
783 4781 829 4847 sit
869 4783 1062 4871 simpliciter
1097 4792 1311 4873 asserendum,
