3567 5800
430 903 477 955 nn
500 902 616 952 cnsrrs
639 901 768 952 suuuu.
792 902 986 952 suun—ru.
1014 890 1044 967 1,
1061 890 1089 950 2.
1220 887 1283 949 ‘201

236 1090 405 1170 sobrium3
437 1088 473 1153 in
508 1110 653 1175 pmpura
684 1088 851 1165 humilem,
882 1094 917 1155 et
945 1088 1008 1154 snb
1041 1110 1162 1155 corona
1191 1111 1291 1154 aurea

236 1193 349 1258 saecnli
384 1197 651 1286 contemptorem.
712 1191 755 1256 In
786 1192 907 1279 quibus
938 1191 1091 1257 omnibus
1120 1213 1189 1256 non
1219 1196 1290 1257 tom

237 1294 334 1375 altus,
358 1316 458 1381 quam
481 1298 589 1374 natus,
614 1314 688 1359 curn
719 1294 754 1357 in
777 1293 994 1360 sanctissimis
1023 1299 1058 1359 et
1086 1292 1291 1360 excellentis-

235 1396 329 1463 simis
352 1396 493 1483 regibus,
517 1418 560 1461 cx
583 1394 705 1482 quibus
726 1397 834 1461 traxit
855 1396 1028 1461 materiam
1050 1396 1165 1476 carnis,
1186 1395 1291 1463 totius

237 1498 425 1586 exemplum
448 1498 602 1564 habuerit
624 1498 821 1564 sanctitatis.
869 1495 904 1563 A
925 1497 1140 1564 ibmosissimo
1171 1500 1291 1587 quippe

236 1607 273 1667 et
306 1600 587 1667 Ohnstianissimo
618 1622 695 1688 rege
731 1600 871 1667 Alfredo
902 1599 973 1666 sive
1004 1600 1158 1680 Aiuredo,
1197 1602 1291 1667 cuius

236 1726 338 1792 supra
383 1703 598 1784 meminimus,
645 1726 743 1791 quem
793 1702 938 1791 primum
982 1703 1131 1768 omnium
1175 1725 1290 1789 regum

238 1806 372 1895 Angliae
393 1812 526 1873 sanctus
549 1806 616 1872 Leo
638 1828 724 1894 popa
745 1807 782 1872 in
804 1806 876 1893 ipsa
898 1805 979 1871 urbe
1002 1805 1108 1871 Roma
1129 1828 1292 1872 consecra-

238 1910 350 1975 vitet
372 1910 474 1975 unxit
504 1908 540 1974 in
570 1930 690 1997 regem,
714 1908 1084 1997 generationosextus3
1119 1907 1209 1974 inter
1238 1931 1293 1974 ecs

237 2032 317 2077 vero
348 2011 407 2097 qui
436 2032 480 2077 ex
501 2010 571 2078 eius
601 2013 704 2099 stirpe
724 2015 957 2099 regnaverunt,
980 2010 1179 2077 successione
1207 2012 1293 2077 deci-
1416 2066 1420 2073 .

238 2136 320 2193 mus,
346 2114 517 2201 utriusque
538 2114 666 2179 numeri
688 2114 825 2181 sortitus
847 2116 898 2179 est
920 2112 1074 2193 tinctum,
1097 2113 1154 2200 qui
1176 2115 1290 2179 robus-

236 2216 366 2285 tissime
388 2223 522 2303 pcrtans
543 2216 671 2304 pondus
701 2217 768 2282 diei
789 2222 824 2282 et
847 2220 956 2295 aestus,
979 2215 1097 2281 habuit
1126 2217 1163 2282 in
1184 2218 1291 2303 operis

236 2320 435 2404 perfectione
470 2318 645 2399 senarium,
668 2324 702 2385 et
734 2319 778 2383 sd
811 2340 981 2405 vesperem
1010 2319 1132 2386 meruit
1164 2320 1290 2386 calesti

237 2422 483 2489 l'atrefamilias
504 2420 665 2510 largiente
686 2422 863 2488 denarium
1270 2434 1273 2437 ’

693 2831 772 2897 Osr.
801 2830 848 2895 II.
1301 2825 1416 2947 mm

254 3039 390 3123 Quibus
411 3036 550 3104 casuue
573 3035 771 3104 Enoecadioe
788 3037 996 3124 pareatibus
1018 3039 1065 3106 sit
1082 3047 1288 3126 procaciae,

284 3246 412 3310 Iolaus
441 3247 517 3329 post
547 3240 720 3306 Alfredum
747 3241 816 3307 sive
844 3241 1029 3307 Alurcdnm
1058 3265 1177 3331 regem,
1201 3269 1290 3312 nunc

237 3349 317 3414 filiis
337 3344 489 3433 patribus
511 3343 767 3420 succedentibus,
784 3365 873 3409 nunc
894 3345 1055 3411 fratribus
1076 3352 1152 3434 post
1173 3347 1291 3414 fiatres

239 3447 467 3537 regnantibus,
491 3447 527 3511 in
547 3467 658 3533 regern
680 3446 817 3512 tandem
848 3445 1018 3533 Edgarum
1045 3450 1193 3515 omnium
1218 3452 1290 3518 feli·
1303 3464 1395 3529 Edgar.

236 3555 322 3620 citas
352 3549 452 3616 simul
483 3554 518 3614 et
549 3548 710 3613 sanctitas
743 3547 878 3614 videtur
912 3570 980 3614 esse
1009 3551 1194 3636 transfirso3
1233 3558 1291 3642 qui

238 3677 353 3723 ornnes
380 3653 466 3718 sieut
496 3651 682 3728 sanctitate,
713 3651 762 3716 ita
784 3656 818 3716 et
841 3650 964 3718 honore
986 3653 1069 3720 vicit
1098 3661 1133 3720 et
1161 3656 1268 3744 gloria
1280 3685 1288 3739 ;

236 3761 274 3824 in
299 3757 399 3822 huius
426 3759 539 3819 autem
570 3753 694 3840 Edguri
724 3754 811 3840 regis
842 3759 927 3834 ortu,
957 3756 1043 3822 sicut
1065 3759 1289 3844 praediximus,

237 3861 427 3928 referuntur
449 3856 560 3944 angeli
582 3855 737 3921 cecinisse
761 3861 795 3922 et
821 3857 954 3945 Angliae
980 3880 1093 3945 pacem
1115 3860 1186 3927 eius
1208 3870 1292 3929 tem.

237 3963 374 4052 poribus
397 3959 592 4047 promisisse.
640 3957 801 4039 Quocirca
823 3965 896 4024 tum
918 3980 979 4047 pro
1001 3961 1127 4029 ooelesti
1150 3959 1288 4045 oraculo,

236 4077 312 4134 tum
335 4083 395 4151 pro
417 4061 521 4149 ipsius
543 4061 663 4126 effectu
685 4061 816 4141 croculi,
834 4083 1006 4127 commune
1021 4085 1095 4129 eum
1114 4066 1290 4134 Salomone

237 4169 377 4236 sortitus
419 4169 469 4229 est
513 4184 641 4241 nomen,
679 4163 803 4230 scilieet
847 4163 1033 4243 Pacificum,
1069 4169 1164 4254 regni
1199 4169 1289 4236 illius

237 4277 365 4338 statum
388 4288 424 4332 re
451 4266 549 4330 simul
580 4265 759 4352 depingens
790 4269 825 4331 ct
857 4266 998 4332 nomine.
1060 4267 1172 4345 Huius
1200 4272 1420 4338 filiusEthelred

236 4397 298 4442 rex
327 4369 572 4436 strenuissimus
606 4367 802 4433 Ethelredns
834 4368 985 4433 Emmam
1024 4370 1158 4437 Ricardi
1194 4353 1457 4469 nobi-undarum?

236 4475 357 4544 tissimi
381 4472 474 4537 ducis
504 4471 537 4536 N
540 4470 719 4536 onnanniae
749 4469 853 4534 filiam
877 4471 975 4536 duxit
1004 4471 1041 4536 in
1070 4495 1217 4554 uxorem,
1249 4486 1288 4545 ut
1300 4428 1427 4542 31er

237 4603 281 4646 ex
308 4575 478 4662 duplicate
499 4573 673 4658 utriusque
696 4573 824 4658 genonis
848 4574 1025 4638 sanctitate
1047 4575 1174 4642 soboles
1198 4602 1288 4646 sanc-

237 4683 305 4750 tior
328 4681 502 4744 erearetur.
550 4675 672 4755 Quaies
686 4697 829 4760 namque
851 4675 976 4741 fuerint
995 4677 1103 4743 incliti
1125 4679 1289 4748 Ncrman-

239 4785 306 4851 niae
334 4781 431 4846 duces
455 4778 698 4866 gloriosissimae
720 4777 818 4843 huius
850 4779 974 4866 reginae
997 4780 1106 4852 frater.
1122 4788 1157 4849 et
1178 4807 1288 4873 nepos,
