3567 5800
491 803 555 865 246
758 815 822 864 aro.
850 815 897 864 aa
919 812 1052 864 omaro.
1075 812 1162 864 arno.
1186 813 1271 862 mer.

501 1027 560 1093 pro
583 1026 661 1091 paee
681 1010 716 1069 εὴ
737 1005 920 1070 stabilitate
946 1004 1040 1091 regni
1062 1004 1127 1068 mei
1149 1009 1184 1069 et
1206 1003 1420 1090 prosperitate
1440 1002 1549 1066 totius

507 1108 686 1195 Anglorum
723 1109 844 1195 populi,
890 1109 962 1172 loeo
1008 1108 1058 1172 illi
1095 1107 1315 1171 omnimodam
1358 1105 1547 1171 libertatem

496 1215 657 1298 quantum
682 1211 724 1276 ad
747 1215 943 1297 potestatem
964 1215 1130 1275 terrenam
1153 1208 1371 1276 oonoeasisse:
1395 1213 1429 1274 et
1453 1205 1546 1292 quod

494 1313 545 1378 illi
560 1313 601 1378 de
623 1314 843 1389 aeclesiastica,
868 1313 930 1377 hoo
955 1312 997 1378 de
1019 1313 1109 1398 regia
1129 1311 1281 1377 libertate
1296 1316 1415 1376 statuo.
1460 1309 1544 1373 Eius

494 1416 596 1502 igitur
617 1415 737 1480 amoris
763 1415 897 1481 stimulo
923 1420 957 1479 et
978 1415 1043 1480 fide
1060 1414 1251 1502 plenissima
1271 1435 1310 1478 ao
1331 1411 1546 1478 devotissima

495 1517 649 1583 suffultus
671 1519 763 1583 ouius
789 1517 942 1605 largiflua
970 1517 1179 1583 misemtione
1201 1518 1238 1580 in
1260 1513 1418 1581 cathedra
1438 1514 1541 1600 reg-ali

494 1625 663 1708 promotus
677 1641 761 1701 sum,
783 1641 856 1686 oum
871 1620 1007 1685 oonsilio
1028 1625 1063 1686 et
1085 1620 1215 1685 deereto
1229 1618 1544 1705 archiepiscoporum

495 1725 718 1810 episcoporum
762 1723 920 1788 uomitum
966 1722 1168 1808 aliorumque
1213 1721 1359 1786 omnium
1396 1741 1545 1785 merirum

496 1828 702 1912 optimatum,
717 1826 916 1911 prospiciens
938 1823 1000 1889 hoo
1014 1823 1079 1910 ipsi
1093 1823 1236 1890 eeclesiae
1257 1829 1293 1888 et
1313 1823 1545 1888 habitantibus

495 1931 532 1992 in
554 1951 593 1993 ea
622 1929 692 1992 sive
714 1927 960 2013 pertinentibus
986 1927 1030 1990 ad
1055 1947 1128 1990 eam
1154 1926 1235 1991 utile
1256 1926 1325 1990 fore
1347 1947 1415 1992 non
1437 1923 1545 1988 solum

496 2031 532 2096 in
562 2029 725 2116 praesenti,
749 2029 806 2094 sed
836 2033 870 2094 et
893 2029 930 2093 in
955 2029 1075 2107 futuro,
1102 2027 1185 2114 elegi
1210 2028 1420 2094 senciendum
1442 2033 1546 2111 atque

496 2133 623 2219 perpeti
638 2131 863 2197 stabilimento
886 2130 930 2196 ab
956 2131 1109 2196 omnibus
1130 2131 1400 2210 confirmandum,
1422 2135 1461 2196 ut
1482 2151 1546 2215 pro

499 2234 624 2300 Christi
653 2233 775 2299 honore
811 2237 847 2298 et
883 2252 1005 2312 amore,
1042 2240 1077 2299 et
1109 2255 1169 2320 pro
1205 2234 1389 2299 reverentia
1424 2233 1546 2297 summi

497 2337 718 2424 apostolorum
742 2335 900 2423 principis
926 2335 1017 2401 Petri
1041 2337 1133 2402 ouius
1154 2337 1336 2423 patrocinio
1361 2335 1544 2421 meipsum

497 2437 652 2516 commisi,
685 2443 719 2505 et
748 2458 807 2525 pro
846 2439 1023 2505 devotione
1053 2444 1088 2504 et
1119 2439 1329 2505 veneratione
1358 2444 1547 2504 molanum

496 2540 710 2628 reliquiarum
733 2562 813 2627 quae
842 2541 950 2606 eidem
973 2541 1045 2606 loco
1066 2541 1193 2606 contuli
1208 2542 1376 2606 beatorum
1393 2541 1549 2606 videlieet

497 2644 719 2730 apostolorum
750 2648 938 2730 martyrum
979 2643 1198 2709 eonfessorum
1235 2646 1272 2708 et
1299 2643 1473 2730 virginum,
1508 2648 1551 2708 ut

498 2745 715 2831 Omnipotens
747 2745 909 2810 Dominus
931 2765 990 2833 per
1016 2747 1155 2810 istorum
1178 2746 1335 2832 suffragia
1359 2750 1550 2810 sanctorum

498 2848 643 2936 depulsis
674 2847 799 2914 cunctis
831 2848 1090 2915 adversitatibus
1127 2869 1202 2915 oum
1232 2850 1320 2937 paeie
1349 2854 1385 2914 et
1414 2849 1551 2915 honoris

498 2952 550 3019 sui
580 2950 762 3016 stabilitate
788 2970 826 3016 ae
855 2956 1022 3038 perpetuae
1045 2950 1295 3037 tranquillitatis
1316 2951 1551 3016 sublimatione

498 3055 605 3120 loeum
635 3052 730 3118 illum
761 3053 933 3131 custodiat,
966 3054 1132 3140 disponat,
1162 3058 1198 3119 et
1227 3057 1389 3140 protegat,
1425 3058 1460 3118 et
1485 3077 1550 3140 pro

499 3156 673 3243 magnifica
688 3154 853 3240 dignitate
868 3156 938 3221 sive
960 3156 1063 3242 regali
1085 3156 1280 3221 excellentia
1294 3156 1384 3221 illius
1399 3156 1550 3233 eoelesiae,

500 3264 534 3324 et
556 3281 614 3345 pro
645 3258 757 3343 quiete
790 3258 1023 3323 monachorum
1056 3258 1180 3324 ibidem
1206 3258 1277 3323 Deo
1307 3258 1552 3333 famulantium,

334 3368 481 3448 Riphaeus
500 3365 613 3426 tantus
637 3360 743 3426 honor
766 3360 873 3427 eidem
896 3360 1037 3427 eoelesiae
1059 3360 1224 3426 habeatur
1244 3362 1281 3425 in
1296 3366 1491 3448 perpetuum
1515 3369 1552 3427 et

334 3438 470 3552 ffifflgffl
502 3464 701 3539 observetur,
725 3468 765 3527 ut
786 3481 895 3548 neque
909 3486 969 3528 nos
984 3484 1091 3549 neque
1104 3484 1301 3529 sueomsores
1323 3464 1428 3529 nostri
1442 3486 1554 3549 neque

335 3570 422 3635 abbey.

503 3564 643 3650 quilibet
658 3565 827 3652 episeopus
850 3586 910 3630 nee
925 3566 1113 3651 quicunque
1136 3566 1177 3631 de
1199 3566 1372 3632 iudiciaria
1386 3572 1555 3654 potestate

502 3667 540 3731 in
562 3666 667 3752 ipsam
700 3671 848 3731 sanatam
879 3666 1047 3733 basilioam
1073 3669 1127 3733 vel
1157 3669 1193 3733 in
1218 3675 1390 3735 manentes
1411 3669 1447 3733 in
1475 3670 1555 3756 ipsa

502 3768 557 3833 vel
572 3768 607 3831 in
627 3767 777 3832 homines
798 3770 855 3855 qui
880 3792 955 3834 oum
980 3770 1048 3835 suis
1071 3771 1171 3835 terris
1192 3772 1247 3837 vel
1269 3772 1554 3859 qualibuscunque

502 3870 696 3936 substantiis
722 3870 851 3935 tradere
873 3872 927 3937 vel
955 3872 1115 3938 devovere
1141 3896 1175 3938 se
1200 3874 1375 3952 voluerint,
1399 3875 1464 3939 nisi
1492 3898 1557 3961 per

502 3973 710 4040 voluntatem
751 3971 881 4039 abbatis
928 3978 964 4039 et
1007 3996 1141 4041 suorum
1178 3976 1413 4044 monachorum
1447 3976 1552 4043 ullam

503 4098 650 4163 unquam
664 4076 807 4141 habeant
821 4080 1027 4163 potestatem.
1073 4078 1141 4144 fied
1162 4079 1207 4145 sit
1228 4080 1300 4146 haee
1321 4086 1434 4147 saneta
1446 4086 1557 4147 mater

503 4180 637 4246 ecelesia
677 4178 850 4265 pemrliaris
888 4179 1022 4267 patroni
1060 4182 1168 4246 nostri
1207 4182 1334 4247 domini
1367 4188 1402 4247 et
1438 4186 1554 4270 magni

503 4280 640 4367 apostoli
670 4285 723 4347 ter
753 4280 840 4346 beati
871 4280 963 4347 Petri
1000 4282 1105 4348 libera
1134 4288 1169 4348 et
1206 4283 1359 4349 absoluta
1387 4284 1430 4350 ab
1460 4288 1554 4351 omni

502 4384 671 4449 invasione
697 4384 751 4448 vel
790 4383 1019 4470 inquietudine
1061 4386 1208 4451 omnium
1242 4387 1413 4452 hominum
1446 4389 1556 4454 ouius·

507 4506 634 4570 cunque
657 4486 780 4550 ordinis
794 4486 848 4550 vel
870 4487 1046 4571 potestatis
1068 4508 1138 4554 esse
1159 4488 1344 4555 videantur.
1391 4490 1558 4556 Praeterea

337 4609 484 4678 Sanctum.
508 4586 599 4651 aliud
615 4588 777 4653 constituo
792 4594 892 4674 atque
914 4590 1159 4678 inperpetuum
1174 4594 1338 4669 confirmo,
1362 4594 1557 4679 utquisque

506 4690 731 4777 fugitivorum,
759 4690 799 4757 de
832 4713 1025 4778 quoeunque
1047 4694 1126 4772 loeo,
1151 4716 1211 4781 pro
1233 4716 1425 4780 quacunque
1445 4716 1557 4776 eausa,
