3567 5800
472 834 536 897 230
733 850 798 897 luc.
826 848 869 897 ou
892 848 1025 899 crunno,
1049 847 1139 898 senc.
1162 850 1248 899 nrsr.
1335 862 1338 869 ·

471 1054 596 1097 summo
626 1034 780 1119 pontifice
805 1036 952 1101 dictante
981 1038 1188 1115 sententiam,
1223 1059 1336 1104 omnes
1364 1040 1401 1103 in
1430 1058 1519 1103 com·

470 1157 568 1201 mune
586 1135 775 1219 decernunt,
799 1160 859 1226 pro
882 1160 961 1227 pecs
985 1142 1089 1229 regni,
1113 1164 1173 1229 pro
1196 1142 1338 1208 ecclesiae
1360 1142 1520 1221 utilitate,

468 1261 526 1325 pro
562 1242 754 1307 necessitate
795 1262 976 1330 pauperum
1015 1252 1050 1311 et
1087 1246 1199 1331 quiete
1234 1245 1519 1322 monasteriorum,

468 1364 579 1429 regem
602 1344 801 1411 auctoritate
823 1345 888 1411 Dei
916 1352 952 1413 et
976 1348 1067 1413 beati
1089 1346 1191 1427 Petn‘,
1223 1350 1396 1437 praesentis
1416 1348 1520 1414 etism

303 1464 358 1515 The
370 1466 433 1531 king
469 1448 694 1514 sacratissimae
721 1450 851 1535 synodi,
874 1473 896 1514 a
924 1450 997 1515 voti
1027 1450 1125 1516 huius
1154 1452 1288 1518 vinculo
1317 1451 1521 1519 sollemniter

225 1610 228 1617 .
299 1533 453 1651 lfflflff
470 1549 727 1631 absolvendum
774 1574 933 1640 expensas
978 1558 1111 1640 paratas
1157 1554 1271 1620 itineri
1319 1554 1521 1643 pauperibus

299 1682 363 1719 vow.
470 1655 658 1742 erogeudas,
712 1657 747 1721 in
794 1656 867 1722 voti
914 1658 1217 1745 recompensatione
1261 1658 1519 1725 construendum

468 1757 504 1822 in
534 1758 657 1824 honore
683 1758 772 1825 besti
803 1760 895 1825 Petri
924 1760 1022 1847 regiis
1061 1759 1163 1847 copiis
1194 1761 1427 1828 monasterium
1461 1760 1519 1824 vel

466 1860 601 1947 aliquod
631 1862 835 1928 destructum
869 1886 890 1927 a
927 1863 1076 1929 berbulis
1112 1865 1338 1951 reparandum
1383 1864 1518 1929 Exhinc

466 1963 626 2051 legatarii,
659 1966 778 2031 oblatis
808 1966 1001 2032 muneribus
1038 1990 1112 2053 quae
1149 1975 1336 2034 sanctornm
1373 1966 1517 2034 ecclesiis

465 2088 525 2131 rex
555 2074 688 2135 sanctus
714 2068 888 2149 direxerat,
922 2075 1055 2157 accepte
1087 2070 1313 2137 benedictione
1340 2070 1517 2158 pontificis,

464 2190 538 2235 cum
575 2171 680 2237 literis
722 2172 908 2259 apostolicis
946 2174 1016 2239 laeti
1052 2173 1261 2260 repatriant3
1305 2179 1340 2239 st
1378 2172 1517 2239 modum

463 2294 530 2338 suae
557 2274 777 2361 expeditionis
807 2276 842 2341 iu
881 2282 1057 2364 conspectu
1094 2278 1222 2342 concilii
1256 2277 1347 2363 quod
1377 2283 1516 2365 propter

462 2376 523 2441 hoc
552 2378 659 2463 ipsum
689 2380 781 2465 regia
817 2383 964 2466 potestas
993 2385 1143 2468 coegerat
1172 2380 1258 2445 clare
1288 2379 1512 2459 manifestent,

462 2480 633 2566 epistolam
671 2482 713 2546 ab
759 2482 935 2570 apostolico
972 2484 1043 2571 regi
1080 2483 1244 2549 Eduardo
1289 2484 1518 2549 transmissam

461 2581 567 2647 eidem
600 2584 672 2671 regi
709 2590 792 2652 tunc
828 2592 1075 2673 presentantes
1137 2586 1183 2653 Et
1219 2586 1281 2652 hoc
1316 2586 1516 2675 rescriptum

460 2685 613 2773 epistole.

890 3004 972 3076 Ore.
988 3007 1067 3074 XV.

293 3193 396 3314 {2³33
462 3193 681 3284 Rescriptum
703 3193 791 3264 locut
812 3193 939 3368 Lcoogs
964 3218 1067 3285 popo
1090 3195 1138 3264 od
1166 3217 1276 3283 recem
1297 3193 1517 3264 Edwardom

335 3301 340 3312 '
401 3302 406 3314 '
923 3300 1074 3369 eratum

293 3467 420 3521 moeror
508 3465 526 3496 “
542 3457 615 3526 Luo
648 3458 818 3546 episcopus
850 3479 965 3526 servus
998 3480 1168 3524 servorum
1199 3456 1262 3524 Dei
1293 3455 1413 3523 dilecto
1442 3457 1515 3524 filio

292 3551 403 3654 ffix·
415 3613 440 3657 to
463 3560 627 3628 Edwardo
650 3561 835 3650 Anglorum
856 3560 928 3650 regi
957 3561 1099 3628 salutem
1121 3568 1157 3628 et
1178 3560 1390 3648 apostolicam
1414 3560 1515 3626 beus-

292 3669 409 3722 Edward·
461 3663 647 3736 dictionem.
709 3663 874 3746 Quoniam
897 3662 1107 3730 voluntatem
1129 3668 1225 3730 tuum
1254 3662 1454 3730 laudabilem
1476 3669 1515 3728 et

292 3761 387 3844 Spem:
461 3767 532 3834 Deo
563 3771 693 3857 grutam
715 3766 919 3856 agnovimus,
953 3769 1078 3856 gratiss
1100 3767 1229 3855 agimus
1251 3767 1290 3848 ei,
1322 3787 1381 3853 per
1413 3787 1514 3853 quem

291 3831 395 3947 &ger
460 3893 551 3960 reges
573 3876 714 3959 regnunt
736 3875 771 3937 et
803 3869 967 3958 principes
998 3871 1088 3936 iusta
1110 3870 1296 3935 decernunt
1343 3867 1409 3933 Sed
1433 3867 1515 3954 qnia

290 3963 424 4084 ἕξὲᾞῐξνι
459 3994 559 4064 prope
583 3980 634 4040 est
656 3973 819 4040 Dominus
842 3975 878 4038 in
901 3974 992 4040 omui
1013 3974 1084 4039 loco
1106 3973 1259 4038 omnibus
1280 3971 1514 4037 invocantibus

290 4101 325 4149 iv.
341 4049 432 4152 irslp'
459 4101 533 4143 eum
575 4079 611 4144 in
644 4077 794 4157 veritate,
829 4084 864 4143 et
896 4076 1002 4142 sancti
1031 4073 1172 4164 apostoli
1206 4097 1279 4141 cum
1313 4095 1372 4139 suo
1403 4073 1514 4161 capite

458 4179 623 4248 coniuncti
646 4203 730 4246 unus
760 4179 897 4268 spiritus
918 4184 1007 4258 sunt,
1041 4183 1076 4245 et
1105 4179 1178 4266 pias
1208 4193 1317 4265 preces
1340 4175 1514 4263 [equaliter

287 4283 443 4340 Absolution
458 4284 607 4367 audiunt,
632 4289 666 4351 et
689 4285 768 4372 quia
789 4288 921 4349 constat
948 4281 1126 4370 periclitari
1146 4280 1313 4370 regionem
1336 4279 1512 4368 Anglicem

287 4352 352 4472 lg?
365 4355 407 4407 the
458 4409 500 4454 ex
533 4393 594 4453 tua
625 4387 826 4470 discessione,
863 4386 922 4472 qui
943 4386 1036 4451 freno
1065 4383 1204 4451 iustitiae
1234 4373 1407 4449 seditiosos
1440 4382 1512 4448 eius

456 4496 565 4556 motus
588 4489 736 4568 cohibes3
771 4510 814 4554 ex
836 4489 1035 4555 anctoritate
1059 4487 1125 4552 Dei
1147 4491 1181 4552 et
1203 4491 1392 4551 sanctorum
1414 4507 1511 4571 apos·

456 4593 597 4659 tolonum
632 4597 666 4659 et
699 4599 821 4659 sauctae
856 4590 994 4678 Synodi,
1026 4589 1229 4656 absolvimus
1258 4594 1292 4654 te
1322 4610 1343 4652 a
1375 4592 1512 4674 peceato

454 4696 544 4761 illius
573 4695 647 4762 voti
668 4715 729 4783 pro
758 4717 823 4783 quo
846 4693 911 4760 Dei
934 4695 1091 4761 offensam
1113 4693 1210 4757 times
1234 4697 1269 4758 et
1290 4691 1332 4756 ab
1355 4692 1514 4758 omnibus

453 4793 663 4882 negligentiis
685 4799 720 4861 et
742 4792 977 4882 iniquitatibus
999 4791 1083 4873 tuis3
1104 4813 1144 4858 ea
1164 4791 1322 4859 nimirum
1345 4796 1517 4877 potestate
