3567 5800
443 884 490 934 na
510 881 627 935 oasrrs
648 881 770 933 aaron
791 880 988 933 ason-m
1011 869 1064 933 23.
1212 866 1276 941 127

320 1236 571 1305 Oorrruuarm.
616 1237 668 1307 De
690 1237 906 1307 mamam
928 1237 1019 1327 repis
1041 1236 1186 1327 sapam
1289 1228 1375 1347 ffi
1387 1294 1413 1347 fi·

1335 1367 1374 1413 oo.

275 1432 353 1496 Rex
366 1432 519 1519 pao-iiiam
534 1433 683 1520 Edgarus
698 1456 719 1498 a
733 1432 957 1499 sextodecimo
972 1434 1082 1500 aetatis
1097 1455 1165 1499 suae
1180 1416 1277 1509 anno,
1290 1364 1358 1531 {Lo
1359 1480 1428 1533 natio
1428 1496 1445 1531 n

229 1556 295 1619 quo
324 1555 386 1599 rex
413 1535 613 1600 constitutus
644 1540 703 1616 est,
736 1558 840 1623 usque
873 1536 917 1600 ad
939 1536 1146 1601 tricesimum
1169 1534 1414 1613 aetatisornagu

228 1658 355 1701 annum
377 1637 447 1703 sine
468 1638 557 1725 regio
579 1637 703 1725 insigni
725 1638 846 1704 dicitur
868 1660 1027 1725 regnasse.
1074 1638 1167 1705 Tune
1191 1638 1278 1703 enim
1292 1620 1431 1749 ζξμῗξῗο

228 1738 432 1826 principibus
445 1745 480 1805 et
502 1742 609 1807 omnis
624 1740 749 1807 ordinis
764 1742 845 1807 viris
859 1742 1006 1829 undique
1022 1740 1276 1818 confluentibus,

228 1864 305 1907 eum
326 1857 447 1931 magna
476 1843 589 1931 gloria,
623 1843 840 1930 praesentibus
872 1844 1069 1931 praesulibus
1099 1844 1278 1909 Dunstano

228 1950 265 2011 et
295 1944 449 2011 Oswaldo
484 1946 665 2033 ceterisque
701 1945 805 2012 totius
828 1946 961 2034 anglia
991 1946 1207 2035 pontificibus
1240 1966 1279 2011 ao

226 2047 438 2135 magnatibus
459 2049 629 2127 universis,
654 2047 691 2113 in
705 2049 927 2115 sollemnitate
943 2048 1154 2117 Penteoostes
1172 2048 1277 2113 Bath-

229 2150 316 2217 oniae
345 2174 420 2217 eum
449 2151 554 2240 gloria
585 2155 621 2219 et
651 2152 774 2219 honore
806 2152 965 2240 regaliter
986 2156 1206 2234 consecratur,
1241 2174 1279 2217 ao

228 2254 417 2320 diademate
438 2254 571 2343 Angliae
592 2260 766 2323 eoronatus
782 2260 842 2337 est,
858 2255 948 2321 datis
969 2256 1109 2343 singrdis
1131 2253 1277 2321 donariis

229 2357 403 2438 eonsuetis,
433 2378 509 2444 quae
539 2358 576 2423 in
608 2380 724 2445 regum
754 2358 1023 2426 coronationibus
1045 2357 1119 2424 dari
1142 2378 1279 2444 magna-

226 2461 320 2527 tibus
340 2466 563 2529 consuescunt.
608 2460 679 2529 Nee
700 2461 766 2529 nisi
787 2461 934 2529 triennio
955 2467 1070 2549 postea
1085 2458 1277 2549 supervixit

1291 2667 1390 2729 Abora,

1290 2748 1314 2797 p.
1329 2739 1384 2784 118.

627 2789 882 2856 Oosnruarro.
1291 2800 1421 2861 ammaon,

1291 2866 1338 2918 rol.
1351 2872 1407 2920 869.

275 2993 356 3058 Rsx
376 2992 530 3079 paoifious
553 2991 704 3080 Edgarus
726 2993 899 3059 Bonorum
920 2991 1074 3079 petitioni
1095 2990 1279 3058 inconsulte
1291 3009 1424 3076 Immign.

227 3097 353 3172 favens,
374 3094 441 3160 illis
462 3096 629 3178 oonoossit‚
651 3101 693 3161 ut
714 3117 789 3160 oum
811 3095 933 3182 Anglis
955 3116 1015 3182 per
1036 3115 1176 3182 regnum
1207 3093 1277 3160 An·
1290 3077 1387 3194 *gfff

228 3198 308 3286 gua
345 3197 580 3263 maererent
641 3196 743 3262 unse
775 3197 837 3262 vix
874 3197 940 3262 fura
973 3197 1101 3262 sana
1134 3196 1170 3260 in
1205 3159 1439 3262 wamhs

228 3301 361 3388 Anglia,
385 3301 421 3364 in
442 3321 508 3386 quo
529 3321 598 3366 non
618 3299 811 3366 habitarent
827 3299 912 3364 Daoi
934 3319 1010 3364 oum
1039 3298 1167 3384 Anglis.
1213 3278 1443 3407 Negffigntggof

228 3405 360 3493 gotium
391 3425 471 3469 vero
503 3403 565 3469 hoo
595 3404 683 3468 bono
706 3403 817 3468 animo
839 3401 1017 3468 toleratum
1039 3423 1175 3468 summm
1198 3401 1377 3490 cala-had·

227 3508 345 3572 mitati
365 3506 494 3593 peperit
514 3511 682 3572 eventum.
728 3504 818 3571 Nam
834 3505 917 3572 Daei
940 3527 960 3570 a
981 3509 1103 3570 natura
1116 3508 1282 3591 potatores
1294 3479 1420 3544 nmkmg.

227 3608 410 3688 fortissimi,
445 3609 506 3674 hoo
538 3629 642 3674 unum
675 3607 885 3696 praedicabile
918 3613 1115 3695 perpetuum
1143 3607 1282 3695 relique-

228 3716 313 3776 runt
344 3711 486 3797 Anglis3
524 3715 563 3775 ut
592 3711 661 3776 iam
689 3697 875 3798 dnglorum
908 3710 1056 3797 probitas
1078 3711 1143 3776 toti
1165 3711 1283 3798 prmiu-

228 3815 320 3880 dieet
349 3813 472 3879 mundo
503 3813 541 3877 in
561 3812 718 3878 ealieibus
751 3812 933 3899 epotandis.
980 3813 1202 3895 Quamobrem
1224 3836 1283 3879 rex

229 3917 342 3984 elavos
363 3915 400 3980 in
421 3916 553 4002 scyphis
573 3915 671 4003 infigi
686 3915 772 3996 feeit,
796 3921 836 3982 ut
851 3939 910 4004 per
924 3938 1071 3985 emensos
1085 3916 1283 4004 scyphorum

228 4020 391 4086 terminos
412 4019 565 4086 biberent
587 4020 631 4085 ad
653 4039 852 4086 mensuram

918 4320 920 4326 «
1294 4289 1424 4354 Bromton,

634 4337 886 4406 Oorrnruarro.

279 4539 453 4607 mmm
475 4537 636 4608 naaria
650 4539 870 4607 Britannica
884 4543 919 4606 a
933 4537 1015 4608 viu
1029 4537 1145 4606 sanai
1160 4537 1281 4623 naus,
1293 4495 1403 4609 lttfffl’

232 4645 321 4732 quod
358 4645 437 4710 dum
473 4665 533 4709 rex
564 4643 715 4732 Edgarus
751 4645 919 4732 regionem
954 4643 1281 4733 Glamorganensium

231 4751 368 4835 propter
398 4768 512 4813 eorum
543 4747 802 4814 inobedientiam
835 4747 1031 4827 devastaret,
1070 4749 1181 4814 ablata
1217 4749 1283 4814 fuit

231 4851 311 4918 nola
333 4850 440 4918 saneti
462 4849 581 4931 Eltuti,
604 4856 640 4918 et
661 4851 696 4916 in
719 4850 802 4918 oollo
823 4850 993 4918 cuiusdam
1015 4853 1091 4940 equi
1113 4874 1281 4942 suspensa.
