3567 5800
445 861 491 908 nn
514 857 630 908 ursus
653 859 773 910 uncum
795 855 990 910 sucu-w.
1015 848 1067 924 49,
1086 850 1136 911 50.
1244 849 1308 912 319

719 1276 798 1343 Otr.
822 1275 857 1341 L.

261 1471 311 1537 De
340 1473 565 1542 transtatione
589 1476 741 1544 murdim
764 1477 978 1546 sanctissimi
1003 1499 1043 1545 oc
1066 1477 1311 1565 ptotiostssimt

639 1580 732 1668 repis
752 1581 934 1650 Edwardi.

306 1779 538 1848 Pansmnurn
575 1783 920 1850 westmonasteriensi
954 1783 1096 1850 ecclesiae
1125 1779 1309 1848 venerabili
1321 1794 1408 1846 Abbot

261 1883 334 1948 viro
379 1886 499 1951 abbate
538 1886 725 1968 Laurentio,
764 1909 838 1953 cum
882 1909 942 1974 per
979 1887 1044 1952 Dei
1080 1886 1308 1952 visitationem
1320 1862 1450 1979 Ipuvpepe

261 1987 356 2053 mult'
332 1993 375 2053 trs
394 1989 508 2054 eadem
532 1990 648 2056 domus
670 1991 803 2057 floreret
826 1990 922 2056 bonis
945 1994 980 2056 et
1000 1991 1163 2056 luminoso
1185 1993 1354 2054 sanctaemi
1356 2003 1433 2112 mli

260 2092 515 2158 conversationis
552 2093 748 2159 fervorein
750 2095 918 2160 tuentium
948 2094 1076 2159 animos
1105 2094 1149 2158 ad
1187 2063 1391 2180 glunit-(¹⁰
1320 2062 1470 2179 mogum

259 2194 399 2259 candum
423 2197 531 2261 Deum
555 2197 757 2276 accenderet,
781 2197 865 2262 exiit
887 2219 993 2263 sermo
1014 2197 1104 2262 inter
1126 2197 1245 2262 fratres
1267 2195 1308 2260 de
1321 2197 1448 2246 niueum

259 2297 399 2382 glorioso
428 2321 504 2386 rege
534 2297 708 2377 Eduardo
734 2299 911 2418 indignum
941 2301 1142 2366 arbitrantes
1168 2299 1309 2366 coelestis
1321 2263 1476 2380 fflssfse,

259 2401 358 2466 curiae
388 2400 493 2467 civem
517 2407 570 2468 tot
595 2404 758 2469 virtutum
785 2404 886 2491 signis
912 2404 1076 2491 insignem
1106 2409 1202 2469 tanto
1224 2409 1307 2467 tem·
1322 2397 1421 2456 Arnen

258 2523 336 2590 pore
366 2504 402 2568 in
431 2505 645 2572 tabernaculo
675 2506 890 2572 mortalitatis
922 2506 1119 2588 delitescere,
1150 2481 1337 2594 tanquamc
1324 2465 1371 2515 eol.
1384 2465 1455 2527 ³⁷⁰)’

258 2627 364 2672 unum
397 2629 440 2672 ex
468 2609 616 2675 mortuis.
677 2609 723 2674 Et
709 2613 933 2696 tcoeperunt
971 2610 1056 2675 alter
1092 2611 1136 2675 ad
1173 2611 1314 2675 alterum

259 2709 366 2776 dicere
388 2709 477 2776 inter
498 2734 553 2792 se3
577 2712 790 2799 “Usquequo
813 2713 1006 2779 celabitur
997 2735 1033 2778 1n
1056 2718 1147 2779 terra
1169 2713 1314 2779 defossus

258 2811 432 2879 thesaurus
469 2821 581 2880 noster
615 2815 801 2903 pretiosusi
860 2815 1042 2904 Usquoquo
1072 2817 1194 2881 merita
1222 2817 1313 2882 beuti

258 2917 325 2981 viri
363 2923 460 2983 tanta
497 2924 630 3005 tamque
660 2920 818 3007 prmclara
851 2920 1094 2985 absconderunt
1122 2944 1144 2985 a
1173 2920 1313 2986 saemrlol

260 3018 325 3085 Pro
349 3021 473 3109 pudor!
497 3024 577 3108 quid
601 3024 739 3089 facimus
765 3046 824 3089 uos
847 3024 963 3110 ignavi
981 3028 1016 3087 et
1038 3024 1127 3087 tardi
1152 3023 1248 3088 corde
1270 3023 1313 3087 ad

259 3124 458 3190 credendum
482 3126 519 3189 in
545 3125 699 3191 omnibus
721 3148 796 3213 quae
822 3125 1012 3191 audivimus
1034 3130 1070 3191 et
1098 3126 1314 3212 cognovimus

258 3231 294 3291 et
323 3232 433 3313 patres
470 3228 576 3294 nostri
610 3233 833 3295 narraverunt
871 3229 968 3294 uobis
998 3228 1039 3294 do
1068 3228 1141 3294 vita
1170 3229 1240 3293 eius
1279 3233 1314 3292 et

258 3330 406 3396 moribus
432 3330 593 3417 factisque
625 3331 855 3397 mirabilibusl
917 3331 1007 3411 Quid
1039 3332 1120 3397 facit
1150 3336 1221 3396 tam
1250 3330 1314 3395 fer-

258 3454 340 3497 vens
376 3434 413 3498 in
451 3455 526 3499 eum
563 3435 693 3500 abbatis
731 3434 837 3500 nostri
875 3434 982 3522 pietus
1021 3440 1121 3521 atque
1159 3434 1314 3500 devotio?

260 3534 349 3615 Quid
378 3536 459 3602 facit
480 3559 541 3601 rex
563 3542 677 3603 noster
704 3536 870 3603 Henricus
901 3558 1004 3625 nepos
1034 3538 1105 3603 eius
1135 3560 1313 3604 successor-

258 3644 379 3723 quaet
405 3638 499 3705 heres
522 3641 558 3705 in
580 3645 705 3728 regnot
751 3640 841 3721 Quid
864 3640 1010 3727 insignes
1033 3639 1127 3728 regni
1149 3642 1313 3729 principes

258 3742 317 3827 qui
354 3742 440 3807 dono
471 3742 576 3829 ipsius
606 3748 641 3809 et
671 3744 903 3809 munificentia
932 3748 986 3809 tot
1018 3743 1158 3810 honores
1188 3750 1223 3810 et
1258 3751 1313 3811 tot

258 3843 344 3909 ditia
373 3850 407 3909 ct
437 3844 561 3932 praedia
591 3868 625 3911 so
651 3846 839 3933 gloriantur
868 3846 989 3913 habero
1019 3847 1056 3911 in
1085 3852 1175 3913 terra
1203 3848 1312 3913 istat’'

258 3944 434 4013 Fratribus
471 3948 576 4035 igitur
605 3948 667 4014 hoc
696 3950 794 4016 modo
824 3948 915 4014 inter
952 3971 986 4014 se
1016 3950 1312 4029 confabulantibus,
1324 3970 1403 4020 arche

258 4055 434 4135 postquam
456 4050 500 4116 ad
524 4074 618 4117 aures
641 4053 771 4118 abbatis
790 4054 929 4117 verbum
951 4052 1042 4117 istud
1064 4054 1250 4140 pervenit,
1240 4076 1311 4141 rpse
1323 4037 1469 4155 {uffiffl

258 4153 363 4240 primo
402 4175 475 4219 cum
506 4153 686 4221 senioribus
717 4154 909 4221 monasterii
940 4156 1094 4221 secretius
1123 4178 1220 4244 super
1249 4156 1348 4223 hocm
1349 4172 1424 4289 orpus

258 4278 354 4342 agero
376 4258 487 4343 ooepit,
512 4258 684 4324 obsecrans
708 4281 763 4323 eos
786 4263 820 4323 ot
845 4258 1014 4323 obtestans
1038 4264 1077 4323 ut
1099 4260 1224 4325 nudam
1246 4238 1386 4326 sibi⁰⁰¹¹⁹

259 4363 294 4423 et
315 4360 495 4446 simplicem
518 4360 649 4427 devita
669 4360 803 4448 gloriosi
826 4361 913 4448 regis
935 4361 1103 4449 aperirent
1122 4363 1309 4445 veritatem,
1322 4373 1362 4421 ror
1322 4372 1474 4492 ξξᾰἘξΙὴ

1322 4306 1448 4356 matemala

258 4462 536 4547 quemadmodum
574 4486 595 4528 a
631 4464 781 4551 patribus
811 4465 892 4529 viris
930 4464 1090 4552 religiosis
1125 4441 1391 4551 audierant,l'⁸²rd

258 4564 379 4650 quibus
410 4565 527 4630 datum
557 4566 622 4631 fuit
651 4572 784 4632 tantum
815 4568 998 4656 principem
1020 4569 1057 4633 in
1080 4591 1176 4637 carne
1199 4573 1310 4639 videre

257 4672 293 4732 et
339 4667 425 4733 facta
470 4670 541 4733 eius
586 4674 801 4757 sanctamque
840 4673 1123 4738 conversationem
1161 4677 1310 4742 cominus

257 4770 392 4835 intueri.
455 4770 522 4851 Qui
560 4792 672 4839 omnes
706 4772 765 4837 ubi
801 4773 932 4841 inventi
962 4780 1040 4841 sunt
1069 4779 1246 4846 concordes
1277 4785 1312 4847 et
