3567 5800
428 907 475 957 mr
497 906 612 957 orans
634 906 756 957 arcun
778 908 968 960 suun-rr.
992 896 1023 975 9,
1041 897 1090 959 10.
1226 891 1294 963 21⁷

241 1098 279 1157 ut
306 1092 427 1159 cedant
451 1093 488 1158 in
514 1114 594 1159 usus
618 1094 733 1181 regios,
759 1095 888 1182 placcat
912 1096 1031 1162 saltem
1057 1096 1157 1162 utin
1194 1097 1293 1163 eccle·

238 1196 363 1261 siarum
396 1198 684 1278 constructionem,
709 1198 983 1265 monasteriorum
1004 1200 1292 1280 restaurationem,

237 1297 370 1364 viarum
407 1322 445 1365 ac
483 1300 635 1387 pontium
679 1302 922 1389 reparationem
959 1324 1205 1391 pauperumque
1241 1324 1292 1370 rc-

237 1400 438 1467 creationem
463 1402 666 1491 erogentur.''
711 1404 767 1470 Ad
790 1426 872 1492 quos
895 1426 964 1485 rex,
981 1411 1000 1441 “
1013 1404 1149 1486 Quam,”
1171 1405 1291 1491 inquit,

239 1505 512 1591 “eleemosynam
542 1507 647 1573 facere
679 1508 861 1596 poterimus
893 1507 935 1573 de
965 1507 1078 1595 praeda
1098 1530 1290 1596 pauperum,

239 1607 281 1672 ds
303 1608 420 1695 rapina
442 1609 627 1691 viduarum,
652 1612 693 1677 de
714 1610 881 1676 manubiis
902 1610 1109 1698 pupillorum,
1126 1632 1202 1698 quse
1223 1634 1292 1677 non

239 1716 397 1797 appareat
429 1712 623 1778 execrabilis
656 1719 691 1780 et
724 1718 862 1779 cruenta
890 1712 929 1777 in
962 1718 1135 1800 conspectu
1159 1713 1292 1779 Divini-

238 1815 345 1879 tatist
389 1814 447 1881 An
469 1837 538 1881 non
560 1816 691 1897 videtis,
720 1816 863 1903 qualiter
883 1815 1118 1917 illispinsidect
1140 1816 1292 1881 diabolus

237 1917 273 1980 in
305 1916 411 1983 simiae
446 1924 588 2005 cognata
620 1918 685 1985 sibi
723 1918 837 2006 specie,
871 1918 909 1983 in
938 1921 1098 1984 nostram'
1111 1918 1290 2006 perniciem

237 2020 405 2106 propriam
443 2021 507 2086 sibi
544 2022 724 2087 vendicans
761 2020 1022 2108 possessioneml
1081 2020 1144 2086 Per
1182 2021 1291 2087 Deum

238 2123 367 2209 Dcique
389 2127 540 2205 matrem,
563 2124 655 2190 eliud
678 2146 721 2190 ex
743 2124 791 2189 eis
813 2146 881 2190 non
910 2123 1037 2205 faciam,
1067 2123 1132 2189 nisi
1161 2134 1202 2189 ut
1231 2145 1291 2189 sua

237 2224 376 2313 singulis
398 2226 580 2293 restituam.
618 2222 805 2293 Accelerate
825 2226 1029 2314 quantocius,
1045 2232 1081 2292 et
1101 2225 1147 2291 sic
1166 2226 1291 2292 faoite.''

238 2328 327 2409 Quia
356 2329 461 2417 igitur
482 2330 568 2416 regis
592 2327 731 2418 urgebat
753 2330 863 2410 iussio,
888 2330 1044 2395 iussionis
1074 2329 1149 2395 ilico
1180 2329 1290 2396 subse

237 2438 316 2498 cute
345 2437 396 2497 cst
427 2434 587 2500 executio.
635 2433 754 2519 Sicque
783 2433 910 2499 factum
934 2438 994 2513 ast,
1021 2438 1061 2499 ut
1085 2454 1146 2498 rex
1171 2434 1291 2498 beatus

236 2534 344 2601 levem
393 2535 601 2623 triumphans
647 2544 778 2602 reatum
815 2558 994 2623 perennem
1039 2534 1104 2601 sibi
1150 2535 1290 2623 gloriam

237 2638 431 2723 cumularet,
462 2638 587 2705 diaboli
616 2640 909 2727 praesumptionem
939 2639 1164 2720 confunderet,
1189 2640 1289 2705 eccle·

236 2742 320 2805 siam
357 2741 545 2822 aedificaret,
583 2741 712 2829 plebem
749 2741 940 2809 laetificaret.
1012 2740 1150 2822 Quievit
1186 2741 1291 2828 igitur

236 2844 363 2931 Anglia
396 2844 522 2911 ormctis
559 2844 675 2912 diebus
704 2846 864 2912 Edwardi
902 2846 944 2912 ab
981 2844 1080 2911 huius
1117 2845 1290 2911 exactione

236 2947 370 3013 salarii:
394 2970 454 3014 nec
483 2970 581 3015 ausus
603 2948 669 3014 fuit
692 2949 865 3036 quiequam
888 2972 910 3013 a
932 2949 986 3014 die
1006 2948 1063 3013 illa
1081 2952 1116 3014 et
1138 2947 1290 3034 deinceps

197 3089 200 3101 ·
235 3051 266 3116 ei
286 3073 385 3138 super
410 3052 472 3118 hoc
498 3051 654 3118 molestus
678 3075 767 3134 esse3
798 3054 855 3118 sed
879 3073 992 3118 omnes
1018 3049 1168 3116 evidenti
1191 3051 1289 3115 mira-

234 3157 309 3220 culo
332 3157 506 3222 conterriti
532 3155 618 3244 regis
644 3155 845 3221 sententiam
867 3155 981 3220 favore
1003 3152 1288 3241 prosequebantur

236 3279 393 3324 unanlml.

689 3657 769 3724 One.
793 3655 833 3720 X

234 3865 285 3931 De
312 3863 398 3950 scre
430 3860 493 3948 qui
530 3883 603 3947 rape
628 3865 795 3947 spectante
814 3858 1004 3946 pecuniam
1027 3857 1068 3922 cle
1093 3855 1185 3923 theca
1209 3855 1285 3922 etus
1296 3853 1393 3914 ΑΜ,

638 3963 785 4052 suram
807 3967 861 4027 m.
1297 3921 1344 3971 col
1354 3925 1412 3972 376.

278 4170 478 4236 Pnnrrnm
501 4167 591 4255 quod
614 4166 732 4232 beatus
757 4165 943 4230 Edwardus
966 4164 1181 4250 pecuniarum
1198 4162 1284 4227 exti-

96 4334 99 4346 .
233 4279 322 4339 terat
339 4277 546 4359 contemptor
572 4269 664 4336 aliud
686 4291 845 4358 ponemus
860 4268 1056 4354 exemplum
1101 4265 1284 4331 Dsoumbe-

114 4429 118 4440 .
232 4377 292 4443 bat
313 4375 492 4462 aliquando
515 4373 637 4441 lectulo
660 4395 721 4439 rex
736 4371 921 4438 Edwardus
943 4370 1053 4459 gratia
1075 4367 1282 4456 quiescendi;

232 4479 290 4546 scd
315 4476 449 4564 aliqun¹‚
473 4481 512 4543 ut
541 4476 614 4542 fieri
645 4474 775 4552 assolet,
791 4473 950 4562 cogitatio
974 4495 1126 4539 somnum
1148 4493 1284 4559 suspen-

230 4667 439 4676 -ι-ι--α--σ-
453 4670 518 4676 .-.-.
534 4671 547 4678 v.
582 4673 585 4675 .
601 4666 1281 4676 ..-⁴.-.--.-.-...-----——-.--.--.—--——-----—q

614 4798 621 4829 ¹
639 4795 738 4864 aliqua]
757 4797 849 4863 aliquo,
862 4796 918 4848 MS.
