3567 5800
702 917 864 968 PREFAOE.

1231 901 1311 966 xciii

249 1082 342 1138 etium
361 1101 481 1154 prorsus
502 1081 520 1138 i
544 1088 627 1155 purte
646 1085 757 1141 borecli
807 1085 923 1157 §5n.),
937 1086 996 1143 und
1016 1087 1136 1158 putting
1156 1086 1207 1142 the
1227 1087 1258 1142 S.
1280 1088 1444 1156 olAnslysir

249 1167 409 1236 provinciae
455 1167 607 1234 Secunde,
647 1174 757 1225 stutue-
806 1169 1167 1227 Irslsndonslevelwith
1175 1171 1308 1237 chester,
1322 1155 1456 1208 (Μεθ’

249 1255 340 1317 runt3
371 1250 403 1305 id
439 1252 517 1322 quod
552 1270 587 1306 ex
623 1253 755 1323 ipsorum

250 1333 339 1388 libris
352 1339 382 1389 et
394 1334 514 1391 Tabulis
526 1335 584 1392 huc
597 1337 757 1408 spectanti·

250 1417 309 1473 bns
321 1423 402 1488 patet
414 1418 539 1474 abunde.

288 2030 443 2101 1.8,§18.
481 2031 624 2088 Hebudes
652 2073 659 2088 .
700 2073 706 2088 .
747 2074 754 2088 .

253 2113 427 2169 liberorum.

289 2197 334 2252 De
343 2197 517 2254 Hebudibus
526 2200 610 2254 hisce
622 2199 756 2256 nonnulli

250 2282 442 2352 scripserunt,
461 2287 529 2347 etc„
551 2283 603 2338 sed
624 2283 757 2339 Dictator

252 2364 359 2428 Caesur,
374 2369 428 2420 etc.

253 3159 320 3212 quae
341 3142 378 3197 sb
399 3141 574 3198 Hebudibus
592 3141 688 3214 porrb,
703 3143 756 3197 sed

254 3225 385 3291 emoneo,
409 3232 478 3281 sunt
501 3232 614 3297 septem
639 3227 755 3282 dierum

252 3308 433 3380 totidemque
451 3310 580 3364 noctium
598 3326 696 3375 cursu,
722 3316 756 3365 ut

252 3394 397 3464 scripsere
446 3391 589 3458 nonnulli,
633 3410 755 3449 numero

255 3475 367 3541 XXX„
381 3477 513 3547 angustis
532 3476 610 3531 inter
627 3494 692 3533 sese
706 3478 756 3533 de·

252 3560 349 3615 ductu
369 3560 483 3631 spatiis,
500 3560 643 3616 vacabant
662 3561 756 3616 homi·

253 3660 300 3707 ne,
315 3660 373 3697 non
392 3642 540 3697 habebunt
560 3642 668 3715 sylvus,
693 3650 755 3701 tan-

251 3732 318 3781 tum
350 3726 466 3797 junceis
502 3725 603 3782 herbis
638 3728 756 3783 borres-

252 3816 362 3864 centes.
385 3816 493 3865 caeteru
512 3827 613 3866 earum
630 3811 674 3866 nil
697 3812 756 3867 nisi

251 3910 347 3947 arenae
359 3908 390 3948 et
407 3911 495 3964 rupes
517 3901 627 3960 tenent,
643 3900 753 3966 ningo,

250 3993 289 4031 ex
321 3976 423 4032 Solino
453 3994 520 4032 cum
551 3978 618 4033 aliis
654 3979 754 4049 colligi

248 4078 347 4131 posse,
360 4078 533 4132 persuasum
544 4062 647 4117 habeo.

287 4322 315 4377 Ι.
341 4322 369 4388 8,
394 4326 409 4394 t
434 4324 478 4380 20.
534 4325 629 4381 Thule
652 4326 757 4381 ultime

244 4406 392 4471 omnium,
418 4424 483 4478 quse
513 4409 683 4465 Brittanicae
707 4427 756 4466 vo·

245 4496 368 4555 cantur,

283 4572 449 4644 Belgarum
477 4616 482 4631 .
532 4616 538 4630 .
576 4577 754 4633 carminibus

282 4656 324 4711 de
334 4674 392 4727 qno
399 4656 547 4714 Homerus
557 4658 735 4717 Mantuanus
746 4684 753 4717 ι

322 4768 395 4781 ---
405 4744 432 4795 ct
443 4741 496 4797 tibi
507 4742 613 4799 serviat
626 4744 731 4800 ultima

431 4825 530 4883 utute.

342 4934 418 4986 VOIa.
435 4934 473 4988 11.

806 1255 840 1310 ol
857 1271 961 1310 course
979 1254 1126 1311 inermes
1149 1255 1200 1310 the
1224 1273 1310 1310 mesu

806 1337 938 1392 distance
960 1337 1094 1395 between
1111 1339 1228 1394 Britain
1251 1341 1310 1396 und

806 1420 935 1476 helsnd.
982 1421 1140 1494 Reynolds‚
1166 1423 1229 1488 123,
1254 1423 1308 1478 hus

806 1509 858 1559 not
877 1504 996 1560 notioed
1014 1506 1079 1562 that
1099 1507 1236 1562 Bertrsm
1254 1506 1307 1562 bas

807 1586 899 1642 fallen
918 1588 988 1656 (like
1006 1588 1071 1660 Roy
1091 1588 1148 1644 und
1166 1589 1307 1660 Horsley)

806 1671 868 1726 into
887 1671 940 1728 the
961 1689 1044 1728 error
1063 1673 1097 1727 of
1114 1673 1266 1745 ascribing
1277 1678 1309 1727 to

806 1753 942 1826 Ptolemy
953 1755 1004 1810 the
1016 1755 1189 1828 authorship
1209 1757 1243 1810 ol
1259 1757 1309 1811 the

806 1855 889 1909 msps
902 1838 1020 1911 printed
1030 1839 1103 1894 with
1120 1839 1168 1894 his
1186 1855 1310 1910 geogr*

842 2029 972 2096 Solinus,
995 2031 1039 2095 22,
1061 2034 1095 2102 §t
1118 2031 1217 2097 12-16,
1238 2030 1310 2088 with

805 2113 900 2184 slight
911 2114 1051 2186 changes.

841 2197 995 2262 Oaessr‚B.
1008 2197 1213 2269 G.v.13‚§3:
1242 2198 1309 2253 “In

807 2283 825 2309 ‘⁶
844 2281 901 2337 hoc
924 2282 1023 2338 medio
1047 2299 1137 2338 cursu
1163 2282 1309 2350 [between

808 2367 826 2392 “
846 2365 984 2437 Englsnd
1013 2367 1070 2421 und
1096 2365 1231 2435 Irelsnd]
1264 2371 1310 2420 est

807 2451 827 2476 ‘⁴
846 2449 953 2514 insula,
973 2467 1039 2520 quoe
1061 2449 1226 2523 appellatur
1245 2449 1309 2504 Mo-

808 2536 826 2560 “
845 2551 900 2588 na:
950 2533 1117 2605 complures
1164 2537 1309 2605 prutereu

807 2617 974 2672 “minores
995 2616 1117 2672 obiectae
1137 2616 1243 2672 insulse
1261 2633 1309 2671 ex·

808 2701 826 2726 “
846 2699 1025 2764 istimuntur,
1035 2699 1071 2754 de
1084 2699 1191 2771 quibus
1203 2698 1308 2754 insulis

807 2785 826 2809 ‘⁴
846 2783 980 2840 nonnulli
1016 2784 1208 2855 scripserunt,
1239 2788 1308 2847 etc,

807 2869 826 2893 “
847 2867 901 2923 sed
920 2867 1002 2932 nos,”
1024 2873 1079 2924 etc.
1117 2867 1199 2924 Here
1219 2867 1245 2925 is
1270 2885 1309 2923 no

804 2952 935 3007 mention
948 2952 982 3006 oi
990 2952 1041 3007 the
1055 2951 1198 3007 Hebudes.

841 3058 944 3125 Solin,
963 3060 1008 3125 22,
1031 3058 1115 3125 §162
1145 3060 1235 3115 “Sed
1256 3060 1309 3114 Or·

806 3142 953 3199 “chades
977 3144 1014 3197 ub
1038 3143 1191 3199 Ebudibns
1221 3160 1310 3213 porro

806 3228 825 3253 “
845 3231 914 3282 sunt
926 3232 1040 3297 septem
1049 3227 1165 3281 dierum
1174 3225 1310 3280 totidem·

806 3312 824 3338 “
843 3327 901 3380 quo
925 3310 1055 3364 noctium
1073 3326 1164 3363 cursu
1187 3326 1310 3363 numero

806 3396 825 3421 “
846 3400 915 3464 tres.
944 3398 1051 3448 vacant
1087 3392 1213 3448 bomine.
1251 3409 1309 3447 non

806 3478 825 3505 “
844 3476 954 3532 hebent
977 3476 1086 3544 sylvas,
1107 3481 1221 3531 tuntum
1244 3476 1310 3531 iun·

805 3563 825 3588 “
845 3561 905 3616 oeis
953 3560 1053 3616 herbis
1092 3560 1307 3616 inhorrescunt.

806 3648 826 3673 “
845 3651 943 3700 cetere
964 3662 1065 3700 esrum
1088 3644 1174 3700 nudae
1192 3645 1310 3699 horenae

806 3731 825 3756 “
846 3734 875 3784 et
887 3746 975 3801 rupes
988 3727 1118 3785 tonent.”
1162 3728 1251 3794 Melo,
1266 3728 1308 3781 iii.

805 3813 820 3881 t
834 3810 887 3865 54:
910 3816 929 3839 “
938 3812 1074 3882 Triginta
1082 3818 1149 3868 sunt
1160 3810 1310 3866 Orohudes

808 3898 825 3921 “
846 3896 981 3965 angustis
1011 3896 1089 3951 inter
1120 3911 1151 3948 se
1182 3894 1310 3948 diductse

808 3981 825 4005 ‘⁶
846 3978 981 4049 spatiis.”
1029 3979 1163 4042 Etruros,
1213 3976 1311 4031 which

806 4063 897 4133 spoils
921 4063 972 4117 the
997 4078 1093 4126 sense,
1119 4061 1146 4115 is
1170 4060 1246 4114 used
1269 4060 1310 4129 by

805 4145 944 4200 Bertrsm
967 4144 999 4198 in
1018 4143 1065 4198 his
1084 4147 1169 4198 notes
1189 4159 1228 4197 on
1244 4142 1264 4195 i.
1279 4141 1308 4207 2,

805 4228 993 4299 §3(p.168).

840 4324 917 4379 Plin.
930 4323 970 4379 H.
980 4322 1019 4378 N.
1031 4322 1071 4378 iv.
1087 4325 1101 4392 §
1115 4322 1185 4378 104:
1202 4323 1221 4348 ‘⁶
1231 4321 1309 4377 Ulti-

806 4411 825 4436 “
844 4426 893 4463 ms
905 4408 1037 4462 omnium
1057 4423 1123 4477 quse
1135 4423 1308 4461 commemo·

806 4495 825 4519 “
844 4498 948 4548 rentur
960 4489 1085 4545 Thule.”

840 4574 930 4639 Mela,
945 4574 987 4628 iii.
1003 4573 1077 4643 557.

841 4658 861 4713 J
861 4656 1006 4713 ornandos
1019 4656 1094 4711 Bell.
1112 4654 1222 4713 Get.1=
1239 4661 1258 4685 “
1269 4655 1306 4712 de

806 4746 824 4772 ‘¹
844 4760 904 4814 qus
914 4740 1092 4797 Mantuanus
1101 4762 1109 4796 ι

842 4828 861 4853 ‘⁸
881 4823 937 4880 tibi
948 4823 1054 4881 suniat
1066 4823 1171 4881 ultim
1184 4822 1305 4881 Tlmle.”

1150 4941 1173 5005 g

1324 1223 1388 1274 Situ.
