3567 5800
884 880 977 930 nn
1020 880 1250 933 ossus
1297 882 1540 935 ascum
1583 884 1972 939 mane-W.
2008 874 2110 939 16.
2434 879 2562 943 239

465 1070 573 1136 vel
601 1070 878 1137 alicuius
923 1093 1216 1159 personae
1260 1074 1473 1153 homo,
1505 1076 1680 1161 quod
1709 1097 1846 1142 non
1878 1082 2198 1165 optamus,
2244 1079 2565 1147 diabolica

463 1175 844 1242 temeritate
926 1175 1127 1241 fuerit
1185 1178 1397 1243 elatus
1477 1179 1586 1243 vel
1670 1180 1994 1261 seductus,
2073 1183 2383 1269 quatinus
2441 1185 2563 1250 hoc

461 1281 761 1343 nostrum
811 1283 1142 1345 statutum
1198 1279 1554 1368 infringere
1603 1283 1710 1349 vel
1754 1284 2048 1349 minuere
2095 1290 2215 1350 aut
2262 1287 2333 1351 in
2381 1287 2562 1353 aliud

458 1386 723 1447 mutare
773 1382 980 1462 velit3
1041 1382 1206 1449 sciat
1251 1406 1318 1449 se
1359 1389 1672 1472 perpetuo
1701 1387 2124 1452 anathemate
2156 1387 2562 1469 damnatum,

454 1483 587 1550 nisi
619 1490 845 1551 tamen
892 1486 1094 1573 digna
1139 1488 1583 1555 satisfactione
1626 1490 2118 1556 emendaverit:
2181 1491 2283 1556 sin
2336 1499 2557 1558 autem

459 1589 920 1657 emendatione
979 1590 1182 1657 fuerit
1240 1592 1572 1679 indignus,
1651 1592 1790 1680 ipse
1852 1592 2116 1679 quidem
2177 1615 2326 1659 cum
2378 1595 2426 1659 J
2427 1596 2560 1661 uda

456 1692 783 1759 traditore
841 1694 1161 1782 gehennae
1201 1696 1468 1781 ignibus
1529 1695 1965 1776 cremabitur3
2026 1696 2140 1762 sed
2192 1698 2334 1763 haec
2380 1704 2560 1764 carta

455 1795 890 1862 nihilominus
972 1797 1044 1862 in
1142 1818 1261 1864 sua
1342 1798 1650 1864 libertate
1727 1800 2155 1886 permanebit,
2244 1802 2560 1887 quamdiu

455 1898 821 1965 Christiani
851 1899 1136 1967 nominis
1189 1901 1386 1966 timor
1435 1906 1505 1967 et
1556 1922 1740 1967 amor
1799 1903 1871 1967 in
1920 1904 2042 1969 hac
2088 1908 2317 1971 nostra
2363 1911 2558 1994 gente

452 2001 1026 2092 perseveraverit?

544 2106 657 2172 Ad
687 2107 1038 2173 ultimum:

550 2216 588 2245 “
620 2209 889 2277 Cartam
950 2211 1150 2277 istam
1210 2210 1529 2276 conscribi
1583 2215 1651 2276 et
1710 2210 1991 2298 sigillari
2052 2213 2230 2295 iussi,
2293 2224 2362 2281 et
2419 2215 2559 2303 ipse

455 2335 658 2379 manu
707 2336 856 2380 mea
915 2314 1178 2402 signum
1240 2319 1484 2380 sanctae
1538 2315 1747 2380 crucis
1795 2316 2108 2404 impressi,
2180 2323 2249 2384 et
2288 2317 2558 2385 idoneos

452 2423 660 2483 testes
732 2418 1040 2483 annotari
1117 2417 1411 2504 praecepi.
1532 2418 1644 2483 Ad
1703 2420 2249 2486 corroborandam
2332 2421 2558 2508 itaque

452 2520 787 2609 propriam
864 2521 1241 2587 donationis
1319 2521 1697 2587 libertatem
1772 2545 1895 2609 ego
1979 2524 2351 2590 Edwardus
2413 2525 2557 2591 Deo

450 2625 776 2711 largiente
820 2625 1186 2713 Anglorum
1238 2646 1358 2691 rex
1409 2624 1673 2713 signum
1726 2626 2120 2695 venerandae
2175 2628 2382 2695 crucis
2432 2629 2555 2696 im-

494 2727 719 2795 ress1.''

449 2749 494 2819 P
540 2833 633 2898 Et
662 2834 945 2899 testibus
998 2832 1353 2910 annotatis,
1409 2832 1508 2897 ita
1550 2837 1737 2898 carta
1776 2834 2235 2902 concluditur:

544 2946 581 2974 “
610 2938 785 3005 Acta
874 2938 1051 3026 apud
1142 2937 1806 3004 Westmonasterium
1897 2938 2133 3025 quinto
2237 2939 2554 3006 kalendas
2577 2948 2694 2998 AJ]
2736 2957 2876 2997 *sff-

445 3043 495 3109 J
499 3043 776 3120 anuarii,
824 3041 935 3108 die
986 3047 1363 3107 sanctorum
1414 3040 1899 3122 Innocentium,
1962 3064 2137 3108 anno
2188 3042 2553 3110 Dominicae
2577 3016 2684 3065 Des:

445 3146 918 3212 incarnationis
1000 3145 1347 3210 millesimo
1430 3145 1837 3232 sexagesimo
1920 3150 2131 3225 sext0,
2192 3146 2553 3213 indictione

444 3250 666 3328 tertia,
729 3271 904 3315 anno
957 3249 1144 3335 regni
1189 3247 1589 3314 serenissimi
1643 3247 1964 3313 Edwardi
2013 3249 2189 3335 regis
2248 3250 2553 3315 vicesimo
2577 3269 2676 3318 An.
2716 3289 2796 3327 πμ

443 3353 697 3442 quinto.
812 3352 1198 3439 Swidgarus
1257 3351 1561 3416 notarius
1626 3350 1712 3415 ad
1767 3351 1982 3416 vicem
2045 3352 2397 3418 Reinbaldi
2450 3375 2553 3418 re-
2577 3337 2712 3386 Edw.
2752 3349 2824 3386 '³

445 3457 576 3545 giae
630 3455 979 3543 dignitatis
1026 3453 1393 3521 cancellarii
1444 3454 1613 3518 hanc
1673 3458 1927 3519 cartam
1988 3454 2216 3543 scripsi
2263 3458 2331 3520 et
2390 3455 2547 3521 sub-

444 3559 676 3647 scripsi
719 3559 791 3623 in
841 3558 967 3623 Dei
1006 3556 1294 3623 Nomine
1325 3556 1620 3623 feliciter.
1709 3556 1982 3623 Amen.''

537 3662 867 3729 Praedicta
895 3682 1052 3727 vero
1100 3682 1185 3726 ex
1232 3681 1391 3725 vero
1436 3665 1665 3726 tenore
1719 3665 1918 3728 cartae
1973 3654 2335 3727 beatissimi
2380 3661 2552 3748 regis

445 3765 899 3854 excerpsimus
955 3763 1266 3850 quatinus
1315 3763 1520 3830 lector
1567 3769 1882 3852 agnoscat
1929 3769 2182 3850 quanta
2228 3786 2382 3830 cura
2432 3785 2552 3831 rex

442 3871 654 3958 egerit
701 3893 742 3934 a
782 3868 1067 3956 periculo
1122 3867 1264 3932 voti
1323 3867 1543 3932 emissi
1596 3867 1865 3954 penitus
1917 3868 2187 3945 absolvi,
2229 3874 2301 3934 et
2346 3867 2549 3933 etiam

443 3973 801 4062 apostol-ico
876 3971 1138 4037 decreto
1212 3974 1476 4057 recepto
1551 3974 1804 4055 quanta
1872 3971 2235 4056 diligentia,
2297 3976 2551 4055 quanta

444 4077 843 4156 humilitate,
914 4080 1163 4160 quanta
1238 4072 1588 4139 devotione
1665 4072 2102 4138 elaboraverit
2176 4074 2548 4159 apostolicis

443 4179 733 4247 censuris
810 4177 1274 4264 obtemperare.
1399 4176 1598 4242 Unde
1672 4175 2061 4262 praedictum
2136 4176 2348 4242 locum
2423 4179 2545 4242 sub

442 4283 710 4351 nomine
762 4281 1157 4347 obedientiae
1202 4284 1272 4345 et
1316 4285 1558 4345 sanctae
1603 4278 2010 4365 paenitentiae
2055 4279 2141 4344 ad
2186 4279 2544 4346 reforman-

447 4390 605 4454 dum
659 4407 735 4450 ac
781 4384 1241 4449 restruendum
1296 4383 1585 4448 dictante
1632 4403 1805 4468 papa
1853 4382 2239 4468 oraculoque
2296 4382 2543 4449 Divino

443 4491 570 4556 sibi
636 4489 1024 4567 iniunctum,
1089 4487 1268 4551 omni
1344 4486 1511 4565 nisu,
1575 4487 1754 4549 omni
1825 4485 2173 4551 devotione
2235 4488 2543 4573 omnique

443 4593 719 4660 virtutis
765 4590 1107 4658 conamine
1152 4590 1498 4677 satagebat
1543 4588 1863 4656 deducere
1909 4589 1996 4654 ad
2041 4589 2360 4656 effectum.

981 4907 1010 4936 ¹⁸
1046 4905 1157 4957 The
1181 4905 1274 4957 ard
1299 4902 1550 4957 indiction
1574 4902 1662 4958 feu
1685 4902 1826 4956 A.D.
1859 4908 2001 4954 1065.
