3567 5800
398 793 402 800 ’
490 823 554 888 294
759 837 823 888 mc.
847 834 1162 888 prorueremus.
1186 834 1273 882 mss.

491 1024 609 1114 psalmi
623 1028 789 1102 resonent,
806 1024 897 1090 illinc
916 1023 1061 1090 leerimae
1084 1021 1292 1110 gemitusque
1315 1026 1553 1108 prorumpunt.

492 1129 627 1215 Ubique
656 1127 777 1216 geudie
808 1128 918 1192 mixtu
948 1126 1062 1204 dolori,
1092 1147 1166 1192 curn
1196 1145 1309 1190 omnes
1337 1130 1373 1189 et
1402 1124 1440 1188 in
1466 1146 1550 1211 rege

492 1239 661 1298 cernerent
697 1231 786 1296 unde
822 1227 1015 1316 gauderent,
1048 1234 1084 1294 et
1112 1228 1150 1292 in
1186 1248 1222 1292 se
1259 1226 1422 1292 sentirent
1456 1226 1551 1293 unde

493 1335 648 1400 dolerent.
709 1331 873 1398 Deferunt
903 1331 948 1396 ed
976 1330 1146 1397 eoelesiem
1178 1327 1349 1415 pudicitiae
1375 1329 1549 1416 templum,

492 1436 629 1504 virtutis
653 1433 874 1501 domicilium:
911 1435 1049 1500 offertur
1079 1455 1138 1520 pro
1162 1453 1200 1498 eo
1232 1431 1427 1499 sucrificium
1456 1432 1550 1500 selu-

493 1547 582 1616 tare;
607 1538 704 1604 etsie
726 1539 763 1603 in
786 1538 856 1603 loco
879 1557 945 1623 quo
968 1537 1039 1624 ipse
1062 1557 1123 1602 rex
1137 1541 1271 1602 senotus
1285 1536 1476 1601 decreverat
1489 1535 1553 1600 lro·

492 1641 625 1708 norifiee
647 1642 812 1728 sepelitur,
838 1641 875 1706 in
899 1640 953 1705 die
978 1639 1158 1704 novissimo
1184 1639 1280 1704 beate
1307 1637 1549 1706 resurrectione

492 1744 662 1810 donandus
684 1765 742 1830 per
767 1743 791 1808 J
793 1764 883 1808 esum
908 1741 1078 1808 Christum
1105 1741 1284 1808 Dominum
1307 1744 1468 1822 nostrum,
1491 1740 1550 1806 cui

492 1851 542 1912 est
557 1847 662 1916 honor
677 1850 712 1911 et
727 1845 833 1932 glorie
847 1846 884 1912 in
899 1843 1018 1912 saecule
1033 1843 1234 1913 seculorum.
1279 1841 1396 1912 Amen.

322 2289 392 2340 wne
546 2277 799 2344 Gourruusrm.
861 2277 913 2342 Dc
950 2273 1141 2342 motmeiow
1178 2296 1253 2360 repe
1290 2275 1490 2363 Aeplcrum

320 2355 448 2489 W·
873 2379 1044 2445 saroardo
1066 2376 1173 2444 oso.

536 2584 615 2649 Isrn
637 2605 697 2650 rex
716 2583 969 2671 gloriosissimus
989 2588 1024 2650 et
1040 2581 1345 2650 christianissimus
1359 2581 1547 2648 Edwardus

491 2688 594 2754 totius
609 2685 762 2752 Albionis
778 2687 955 2751 monarche
977 2691 1012 2752 et
1034 2687 1212 2772 imperetur
1234 2685 1401 2750 miraculis
1415 2690 1452 2751 et
1470 2705 1546 2770 pro-

489 2791 612 2879 phetiae
635 2789 765 2876 spiritu,
781 2794 881 2877 prout
902 2788 1101 2855 luculentius
1123 2790 1160 2854 in
1182 2787 1443 2875 preeoedentibns
1460 2811 1546 2876 prae-

489 2893 753 2971 monstravimus,
779 2892 999 2959 efficacissime
1026 2892 1168 2973 claruit3
1201 2891 1337 2978 eiusque
1362 2893 1443 2959 vitre
1466 2914 1544 2957 oon·

489 2998 634 3063 versatio
657 2996 699 3061 eb
722 2997 803 3084 ipsis
825 2997 997 3062 cunabulis
1019 2997 1057 3061 in
1076 2998 1205 3063 senium
1227 2995 1381 3082 engelioae
1402 2996 1545 3082 puriteti

491 3106 541 3167 est
569 3122 638 3167 non
660 3100 815 3165 inmerito
841 3100 1072 3187 componendo,
1097 3100 1155 3184 qui
1177 3099 1317 3165 candore
1338 3098 1545 3185 virginitatis

491 3203 723 3291 pudicitieeque
746 3208 824 3289 toga
846 3203 1075 3283 circumdatus,
1091 3202 1177 3269 siout
1198 3203 1307 3267 lilium
1324 3202 1443 3268 florens
1456 3202 1546 3269 inter

321 3320 456 3370 Chnscter
492 3306 605 3371 choros
635 3307 796 3393 angelicos
828 3305 938 3370 Deum
960 3305 1136 3371 'collaudet
1165 3307 1202 3371 in
1230 3311 1400 3374 [eternum.
1460 3306 1545 3371 Eret

321 3388 632 3494 OsEdward'nomque
669 3409 732 3473 iste
764 3429 823 3473 rex
854 3409 971 3473 beetus
1005 3408 1042 3473 in
1072 3408 1300 3474 erectionibus
1330 3408 1544 3495 veetigelium

490 3532 614 3598 percus,
638 3511 759 3596 quippe
782 3510 839 3596 qui
862 3514 898 3575 et
920 3515 1088 3577 exactores
1118 3516 1336 3578 execraretur.
1396 3511 1440 3576 In
1461 3512 1544 3579 cibis

489 3622 524 3678 et
551 3614 683 3700 potibus
707 3613 825 3699 regulis
848 3613 947 3678 luxus
970 3613 1135 3689 immunis,
1159 3614 1196 3678 in
1220 3614 1392 3700 prsecipuis
1418 3613 1545 3679 festivi·

489 3716 623 3794 tatibus,
641 3716 792 3801 quemvis
814 3716 1004 3782 emiciretm·
1025 3717 1174 3783 vestibus
1193 3738 1277 3781 euro
1297 3716 1438 3782 intextis
1459 3738 1543 3803 ques

489 3819 601 3906 regins
623 3819 904 3904 sumptuosissime
928 3820 1163 3899 eleboreveret,
1178 3820 1228 3884 ite
1249 3824 1436 3906 temperans
1460 3826 1540 3897 eret,

488 3928 527 3986 ut
557 3943 617 3986 nee
646 3922 812 3986 meiesteti
846 3943 914 3987 suee
948 3923 1082 4001 deesset,
1105 3944 1167 3988 nec
1192 3926 1307 3988 temen
1328 3922 1540 4010 supercilium

488 4024 666 4104 attolleret,
689 4024 794 4109 magis
817 4024 881 4088 Dei
905 4024 946 4088 de
968 4024 1020 4088 his
1039 4006 1425 4111 munificentiem'qnem
1445 4047 1544 4091 mun·

489 4127 609 4193 dialem
647 4127 785 4213 glorium
819 4131 932 4191 mente
965 4148 1108 4193 versans.
1169 4126 1286 4193 Unum
1317 4132 1389 4193 eret
1417 4129 1543 4215 quoin

489 4230 549 4295 hoo
586 4230 704 4297 saeeulo
743 4230 890 4295 animum
928 4229 1108 4296 oblectaret
1142 4252 1238 4296 suum
1276 4252 1391 4296 cursus
1420 4252 1540 4297 cenum

489 4333 658 4411 velocium,
690 4354 828 4417 quorum
864 4332 949 4397 circe
981 4333 1086 4398 soltus
1119 4333 1294 4399 letretibus
1324 4334 1452 4400 solebat
1484 4356 1543 4421 ep

489 4436 651 4521 plaudere,
691 4436 822 4500 volatus
851 4436 1035 4515 volucrum,
1073 4458 1214 4523 quorum
1250 4442 1374 4503 netum
1410 4442 1462 4503 est
1498 4438 1540 4504 de

489 4540 635 4623 cognatis
658 4538 775 4603 ovibus
797 4540 925 4625 praedes
947 4561 1051 4625 egere.
1102 4540 1160 4605 Ad
1188 4539 1259 4607 hese
1280 4540 1441 4607 exercitis
1463 4562 1541 4606 oon-

489 4641 592 4704 tinuis
622 4641 736 4706 diebus
765 4646 841 4727 post
875 4641 990 4707 audite
1019 4665 1116 4708 mene
1147 4644 1263 4708 divine
1292 4644 1399 4709 officie
1428 4644 1543 4710 inten-

489 4742 594 4807 debat.
641 4742 796 4809 Ceterum
811 4744 864 4809 vir
887 4744 959 4811 Deo
974 4745 1162 4812 voluntarie
1183 4746 1316 4813 deditus
1336 4748 1424 4812 inter
1445 4749 1543 4836 regni
