3567 5800
408 844 456 893 oa
477 842 593 893 smus
614 843 736 895 sacru
757 830 1029 895 sucu—111.23.
1199 828 1263 893 119

217 1017 262 1083 ad
284 1017 503 1105 insequendas
524 1018 609 1085 feras
635 1040 693 1105 per
715 1018 813 1085 deria
843 1018 1005 1106 dispersis,
1029 1017 1116 1084 solus
1138 1036 1265 1081 reman-

216 1126 315 1189 serat.
374 1121 494 1209 Itaque
524 1121 772 1187 continuatione
802 1142 916 1187 cursus
948 1123 991 1186 ad
1025 1142 1188 1208 egressum
1210 1140 1265 1183 ne-

215 1224 318 1289 moris
354 1224 549 1311 perveniens
586 1225 746 1300 constitit,
787 1224 913 1290 sodales
951 1224 1127 1310 opperiens
1195 1220 1266 1285 Nee

215 1346 331 1391 mora:
356 1332 517 1414 gravante
538 1328 694 1393 nutantia
715 1327 842 1393 lumina
865 1349 987 1403 somne,
1004 1326 1101 1413 pedes
1116 1322 1263 1401 efficitur,

213 1432 256 1493 ut
286 1430 446 1497 transacti
476 1430 621 1496 labemur
655 1430 720 1497 diei
752 1436 948 1516 temperaret
981 1428 1117 1497 modicae
1145 1428 1264 1513 quietis

214 1531 376 1619 voluptas
422 1532 557 1598 Iacebat
578 1554 656 1619 ergo
677 1533 739 1598 sub
762 1533 849 1598 malo
870 1532 1022 1599 silvatica
1044 1536 1176 1609 stratus,
1205 1530 1264 1594 ubi

214 1636 351 1721 penduli
364 1658 423 1723 per
437 1636 610 1702 circuitum
624 1636 709 1701 rami
723 1635 872 1700 foliatam
887 1636 1062 1700 effecerant
1078 1655 1261 1699 cavernam.

214 1736 424 1805 lassitudine
460 1739 573 1825 itaque
608 1739 767 1803 suadente
808 1738 901 1804 rivus
947 1737 1060 1803 subter
1104 1736 1261 1803 scatebris

211 1839 405 1926 loquacibus
426 1842 531 1908 fluens
552 1864 699 1928 soporem
721 1841 908 1920 invitabat3
930 1863 1004 1906 eum
1027 1840 1115 1905 canis
1131 1838 1262 1916 femina,
1274 1856 1414 1907 Favoable

212 1944 268 2008 cui
290 1966 369 2010 cura
397 1945 540 2010 ferarum
570 1944 712 2031 vestigia
741 1944 879 2029 insequi,
904 1966 1077 2031 praegnans
1109 1948 1143 2009 et
1167 1939 1368 2007 iuxta⁰¹¹¹⁰¹¹⁸'

211 2046 313 2133 pedes
333 2047 502 2126 accubans,
526 2048 743 2113 dormientem
765 2048 933 2112 exterruit.
980 2046 1132 2132 Namque
1157 2052 1263 2111 matre

212 2153 352 2228 tacente,
391 2152 493 2216 catuli
529 2151 605 2215 alvo
642 2150 759 2216 inclusi
796 2150 937 2216 latratus
974 2150 1190 2216 multiformes
1229 2156 1264 2215 et

212 2276 348 2319 sonoros
361 2254 540 2329 reddidere,
557 2254 699 2338 quodam
725 2254 881 2318 nimirum
908 2254 961 2318 sni
983 2253 1118 2319 carceris
1144 2253 1264 2341 gaudio

211 2356 353 2421 incitati.
413 2356 487 2422 Hoc
521 2361 669 2421 monstro
708 2356 881 2436 attonitus
913 2356 992 2419 dum
1029 2356 1073 2421 ad
1110 2378 1263 2421 cacumen

211 2459 339 2524 arboris
362 2459 472 2525 oeulos
496 2459 649 2536 intendit,
674 2458 762 2523 vidit
787 2480 893 2545 poma,
920 2480 1022 2523 unum
1050 2464 1084 2524 et
1113 2458 1261 2537 alterum,

214 2561 341 2647 dilapsa
355 2562 393 2627 in
408 2562 554 2627 fluvium.
602 2560 749 2640 Quorum
766 2562 931 2626 collisione
946 2562 1045 2627 bullis
1060 2562 1262 2647 aquatilibus

211 2665 301 2729 inter
314 2686 349 2729 se
363 2665 588 2753 crispantibus,
604 2685 673 2728 vox
687 2664 860 2729 articulata
874 2664 1028 2743 insonuit,
1052 2664 1131 2732 Well
1146 2663 1179 2729 is
1202 2664 1261 2745 tlte,

212 2767 303 2854 quod
326 2766 444 2833 Latine
466 2772 570 2847 sonat,
597 2774 614 2801 “
630 2767 719 2831 Bene
745 2772 795 2832 est
818 2764 910 2833 tibi!’
955 2766 1026 2833 Nec
1048 2768 1154 2833 multo
1180 2773 1264 2854 post,

211 2872 378 2938 undarum
400 2871 624 2937 voluminibus
645 2870 829 2957 agentibus,
852 2868 1000 2938 urceolus
1026 2893 1122 2958 super
1144 2892 1264 2958 aquam

210 2975 377 3062 apparuit,
397 2978 432 3040 et
454 2979 529 3060 post
551 2973 718 3040 urceolum
739 2995 855 3039 urceus
870 2975 1042 3039 exundans
1063 2997 1169 3060 aqua:
1186 2998 1264 3042 nam

210 3079 297 3144 alter
318 3098 441 3142 vacuus
462 3080 542 3142 erat
587 3076 634 3140 Et
656 3077 807 3162 quamvis
821 3077 935 3142 crebro
957 3077 1098 3163 gurgitis
1119 3077 1264 3164 impulsu

211 3180 318 3248 maior
339 3179 499 3244 minorem
520 3184 662 3265 urgeret,
685 3183 725 3243 ut
748 3179 872 3243 sedicet
894 3201 997 3264 aquas
1020 3201 1095 3244 suas
1117 3179 1263 3244 inillam

209 3284 408 3358 infunderet,
442 3304 616 3367 nunquam
641 3286 757 3346 tamen
780 3282 932 3368 optinere
953 3282 1073 3368 potuit,
1106 3282 1187 3370 quin
1209 3305 1264 3348 ur-

210 3387 350 3473 ce[ol]us
364 3407 487 3450 vacuus
510 3385 684 3462 recederet,
699 3383 887 3470 iterumque
902 3384 997 3470 quasi
1012 3385 1152 3471 superbo
1167 3391 1262 3473 gestu

209 3491 320 3557 victor
341 3510 475 3554 urceum
496 3488 678 3574 impeteret
724 3486 871 3552 Domum
892 3487 1004 3572 itaque
1026 3509 1198 3574 regressus,
1223 3495 1262 3558 ut

209 3595 293 3660 dicit
315 3589 535 3656 Psalmista¹:
574 3596 592 3625 “
615 3589 857 3655 exercitabatur
880 3595 914 3656 et
936 3590 1088 3677 scopebat
1110 3592 1260 3678 spim'tum

209 3693 334 3762 suuin.”
378 3693 445 3759 Sed
467 3693 623 3759 convenit
644 3711 719 3758 eum
741 3699 855 3772 mater,
878 3699 919 3759 ut
940 3700 1106 3762 serenaret
1119 3694 1261 3762 frontem

209 3806 244 3866 et
267 3797 436 3876 animum;
471 3795 535 3860 sibi
557 3797 668 3862 studio
691 3796 849 3876 futurum,
872 3801 913 3862 ut
935 3799 1115 3886 appellaret
1142 3799 1260 3878 Deum,

149 3983 155 3992 Ι
211 3902 270 3988 qui
293 3905 404 3965 nosset
426 3899 606 3986 aenigmata
627 3899 845 3984 inspiratione
867 3922 927 3964 sua
948 3901 1135 3987 patefacere.
1189 3902 1261 3982 Quo

209 4003 393 4069 ammonito
426 4003 541 4066 retulit
574 4001 631 4066 ille
665 4002 857 4066 maestitiam
878 4007 915 4068 et
936 4004 1037 4070 solvit
1061 4027 1164 4087 curas,
1188 4027 1380 4098 eon-fflgff,

210 4108 299 4174 scius
337 4111 495 4170 materna
533 4104 730 4184 sanctitatis,
767 4105 819 4169 eui
865 4105 984 4172 soleret
1030 4107 1120 4172 Deus
1157 4109 1262 4173 multa
1274 4099 1379 4180 mother,

208 4210 364 4276 revelare.
411 4208 494 4272 Erat
516 4208 548 4272 ei
570 4206 768 4272 vocabulum
790 4207 945 4293 Aelgifa3
988 4208 1086 4276 bonis
1112 4211 1264 4296 operibus
1277 4165 1389 4232 Aelgra

209 4315 351 4393 intenta,
380 4313 504 4399 pietate
540 4315 574 4375 et
609 4309 780 4374 dulcedine
814 4311 964 4397 praedita,
988 4316 1027 4376 ut
1059 4313 1159 4379 etiem
1193 4337 1266 4382 reos

210 4439 293 4503 quos
315 4415 423 4480 tristis
445 4413 610 4478 sententia
645 4412 791 4478 iudicum
823 4414 932 4499 palam
955 4413 1171 4482 damnaverat
1193 4418 1263 4505 ipsa

344 4625 349 4628 ,
361 4622 476 4629 —n--·--
483 4621 593 4628 --.--—-0·.

582 4748 588 4776 ¹
607 4746 650 4798 rs
661 4745 725 4799 aa
735 4745 856 4812 (invia)
873 4749 895 4798 r.
