3567 5800
464 859 529 944 'na
551 897 668 946 araris
689 895 811 945 naseu
833 895 1024 946 arran—ru.
1043 882 1092 945 14.
1241 880 1306 945 229

260 1074 386 1168 busque
424 1084 553 1161 laetitia,
599 1090 639 1150 ut
690 1085 892 1151 Edwardum
938 1107 1033 1150 suum
1078 1105 1190 1150 rursus
1243 1081 1307 1147 sibi

259 1185 437 1266 redditum,
496 1209 610 1253 rursus
666 1193 857 1255 revocatum
916 1188 1016 1253 exilio
1070 1186 1307 1251 existimarent.

261 1288 344 1374 Agit
381 1290 605 1376 unusquisque
642 1313 702 1378 pro
738 1292 845 1379 gradu
889 1314 957 1370 suo,
996 1313 1057 1378 pro
1094 1289 1199 1355 officio
1237 1308 1307 1365 suo,

261 1413 320 1476 pro
342 1391 500 1458 facultate
536 1414 605 1475 sua,
636 1400 675 1460 ut
705 1416 814 1482 regem
846 1392 1027 1461 dilationis¹
1060 1414 1127 1459 non
1165 1392 1308 1465 tradeat;

261 1495 334 1561 aliis
371 1498 543 1578 orationes,
585 1497 807 1585 eleemosynas
852 1499 935 1576 aliis,
974 1520 1067 1565 suam
1113 1496 1214 1563 etiam
1250 1515 1309 1581 pro

262 1620 301 1661 eo
336 1599 632 1687 peregrinationem
669 1601 838 1667 nonnullis
874 1599 1157 1688 promittentibus.
1217 1598 1309 1663 Diri·

262 1702 361 1787 gendi
400 1725 479 1768 mox
519 1703 563 1769 ad
600 1703 710 1769 sedam
746 1704 959 1791 apostolicam
997 1704 1165 1791 eliguntur
1198 1701 1308 1789 legati,
1322 1734 1376 1783 En
1363 1750 1427 1799 ⁰5⁸

263 1802 520 1892 archiepiscopus
565 1806 718 1872 videlicet
773 1806 989 1873 Eboracensis
1027 1805 1204 1883 Aldredus,
1242 1803 1308 1891 epi·
1322 1808 1349 1850 t⁰
1365 1801 1409 1851 ¹¹¹³

262 1928 375 1993 scopus
413 1906 662 1994 Wyntoniensis
703 1907 924 1991 Hermannus,
970 1910 1107 1976 abbates
1150 1911 1310 1996 praterea
1322 1869 1477 1985 Λιῇᾞξξξι

264 2009 327 2073 duo
363 2008 551 2097 spectabilis
594 2011 770 2099 religionis,
808 2035 882 2077 cum
927 2012 1001 2078 eliis
1044 2012 1193 2100 pluribus
1238 2016 1379 2117 tamman
1321 2002 1362 2064 ¹³¹³·
1375 2001 1440 2051 ller-

263 2111 384 2177 clericis
421 2135 520 2199 quam
561 2114 658 2179 laicis.
725 2114 891 2180 Parantur
928 2115 1062 2181 interim
1107 2082 1379 2193 necessarimm

263 2221 475 2302 susceptoque
504 2239 526 2283 a
554 2238 630 2303 rego
634 2216 825 2294 Qmandato
847 2218 892 2283 ed
916 2218 1030 2284 urbem
1060 2217 1311 2304 proficiscuntur

266 2316 457 2383 Romanam.
520 2318 728 2385 Credendum
768 2325 819 2385 est
848 2318 914 2385 Dei
951 2316 1060 2385 actum
1098 2320 1198 2385 fuisse
1235 2341 1311 2406 pro·

263 2420 420 2501 videntia,
468 2428 508 2487 ut
566 2423 649 2509 regii
708 2422 909 2509 responsales
969 2428 1200 2510 congregatam
1261 2422 1310 2487 ibi

264 2523 427 2607 synodum
475 2526 653 2590 maximam
699 2526 889 2612 reperirent,
927 2526 964 2590 in
1011 2548 1077 2613 qua
1114 2525 1311 2612 praesidente

264 2626 369 2692 beatae
405 2626 636 2693 recordationis
674 2650 760 2714 papa
798 2627 908 2694 Leone
945 2628 1000 2697 do.
1024 2628 1166 2716 negotiis
1212 2627 1310 2693 ecole-

264 2728 405 2795 siasticis
440 2728 655 2796 tractabatur.
702 2730 835 2795 Gaudet
864 2732 901 2795 iu
924 2754 1036 2797 eorum
1070 2732 1217 2797 adventu
1253 2730 1312 2797 illa

264 2835 450 2897 sanctorum
491 2832 646 2921 praeclara
688 2832 835 2912 societas,
873 2837 908 2898 et
945 2833 1038 2920 quasi
1075 2833 1211 2898 missum
1248 2833 1312 2898 sibi

264 2935 305 2999 de
334 2935 416 3001 coelo
446 2935 601 3002 solacium
631 2941 798 3002 tantorum
835 2941 969 3023 patrum
1006 2937 1213 3024 praesentiam
1243 2959 1312 3002 sus·

265 3044 421 3125 eepenmt
433 3064 442 3121 ;
487 3061 645 3127 maguum
683 3038 747 3105 Dei
784 3061 905 3106 munus
943 3039 1133 3119 iudicantes,
1173 3038 1261 3126 quod
1291 3061 1312 3105 a

265 3142 385 3207 finibus
415 3148 513 3210 terrae
541 3144 624 3208 tales
653 3141 719 3207 viri
757 3141 819 3208 tali
855 3149 1003 3230 tempore
1039 3143 1099 3208 tali
1134 3142 1312 3208 conventui

265 3243 485 3311 occurrissent.
553 3245 663 3334 Igitur
710 3251 807 3334 patre
854 3244 1041 3311 beatissimo
1091 3244 1311 3332 praecipiente,

266 3347 376 3413 nuntii
413 3369 544 3413 causam
581 3371 640 3435 pro
678 3371 745 3435 qua
774 3353 935 3415 venerant
972 3347 1094 3413 dicturi
1131 3347 1313 3434 procedunt

266 3450 302 3514 in
327 3450 480 3528 medium,
506 3450 659 3538 patribus
685 3452 743 3538 qui
767 3450 957 3516 assidebant
986 3449 1212 3536 praebentibus
1237 3473 1311 3517 oum
1325 3475 1403 3526 'rhen

266 3574 392 3620 summa
429 3554 604 3621 devotione
641 3553 818 3620 silentium.
888 3553 1072 3640 Exponunt
1113 3547 1463 3620 desideriumsatement.

266 3655 357 3744 regis,
396 3658 490 3744 regni
527 3657 715 3745 periculum,
755 3656 966 3744 dispendium
1001 3657 1099 3744 pacis,
1138 3657 1311 3724 clamorem

267 3779 452 3847 pauperum,
493 3759 644 3826 lacrimas
689 3761 918 3848 orphanorum.
988 3759 1173 3827 Obductam
1211 3760 1312 3827 etiem

266 3863 403 3928 necdum
441 3863 581 3929 recentis
624 3863 729 3951 plaga
776 3863 959 3929 cicatricem
1004 3865 1201 3948 asserebant,
1239 3888 1314 3952 quse

268 3961 394 4031 Danica
422 3965 513 4031 rabie
545 3965 664 4053 Anglis
693 3965 827 4043 inflicta,
853 3965 882 4031 si
906 3987 965 4032 rex
996 3965 1182 4048 discederet,
1209 3968 1314 4034 aerior

267 4067 451 4134 timebatur.
501 4066 681 4134 Silentibus
711 4069 848 4145 nuntiis,
879 4068 991 4135 sonuit
1016 4069 1053 4134 in
1079 4092 1134 4136 ore
1165 4071 1312 4136 omnium

268 4173 447 4258 gratiarum
491 4171 578 4239 actio
618 4179 651 4242 et
689 4196 757 4239 vox
793 4173 909 4239 laudis.
978 4173 1181 4241 Praedioatur
1229 4175 1314 4242 circa

270 4275 375 4341 Deum
412 4275 507 4363 regis,
538 4276 623 4342 eirca
660 4296 772 4364 regem
809 4276 913 4364 plebis
951 4275 1103 4355 devoti03
1150 4279 1314 4345 mirantur

271 4379 550 4445 mansuetudinem
576 4379 697 4462 David,
723 4379 918 4468 pudicitiam
942 4379 1065 4468 Joseph
1088 4403 1162 4448 oum
1186 4381 1315 4449 divitiis

270 4480 452 4549 Salomonis
498 4479 534 4548 in
587 4483 647 4549 teli
699 4483 846 4571 principe
902 4484 1098 4568 convenisse.
1167 4483 1314 4552 Tandem

273 4669 402 4682 ᾕρει-υ
417 4673 818 4684 ,ιι-..ῳ-μ--ι-ι---ᾴ-
842 4677 882 4683 ⁵—-
901 4678 943 4683 --.-
956 4669 1033 4684 -Αφ
1034 4678 1081 4684 .....
1085 4677 1268 4686 ,ηοω-ἡ,

516 4817 522 4847 ¹
541 4833 617 4884 repca
628 4815 765 4884 dilationis]
789 4818 857 4884 regis
867 4817 1021 4883 dilutionem,
1032 4821 1089 4873 MS.
