3567 5800
460 891 1001 943 nncmrrsaaccuarrcn.-1v.
1025 882 1079 960 39,
1102 883 1154 947 40.
1280 881 1346 951 297

277 1081 417 1165 gratiam
448 1083 552 1145 morte
582 1080 823 1147 interveniente
853 1103 921 1146 non
951 1103 1018 1148 esse
1048 1082 1252 1148 subtractam
1281 1104 1328 1147 se·

278 1203 381 1268 quens
403 1181 585 1270 capitulum
606 1183 794 1250 declarabit.
848 1185 969 1250 Adbuc
1001 1186 1042 1251 ds
1073 1207 1164 1251 more
1189 1185 1329 1251 tricena·

278 1284 364 1350 rium
387 1308 445 1373 pro
474 1307 551 1373 rege
582 1285 810 1353 celebrabatur
842 1287 996 1366 officium,
1027 1309 1102 1353 cum
1132 1307 1191 1354 sex
1223 1287 1329 1374 [caeci]
1343 1306 1450 1358 caseos

279 1409 382 1453 unum
424 1399 579 1456 secuntur
607 1389 826 1469 monoculum,
848 1394 883 1456 et
913 1389 958 1455 ad
986 1391 1170 1478 sepulcrum
1201 1391 1329 1478 regium
1341 1373 1467 1491 :nffnbffl

280 1497 502 1578 properanmt
557 1490 745 1560 Miserabile
779 1493 1023 1580 spectaculum!
1061 1515 1135 1558 cnm
1169 1493 1254 1559 alter
1287 1493 1330 1559 ab
1342 1523 1391 1558 one
1401 1508 1473 1560 tund

280 1594 383 1660 altero
405 1595 600 1675 traheretur,
623 1599 658 1660 et
679 1615 766 1660 unns
797 1596 983 1682 praecedam
1013 1595 1126 1662 oculus
1147 1597 1230 1660 viris
1258 1576 1499 1683 sep⁰f⁰⁰⁰⁶7⁰·

282 1703 349 1762 tem
380 1695 538 1762 ducatum
568 1701 751 1784 praestaret.
823 1697 878 1764 Ab
906 1697 965 1764 illo
997 1719 1074 1786 ergo
1105 1719 1170 1784 quo
1201 1719 1330 1785 gressus

281 1798 427 1866 omnium
466 1799 643 1886 regebatur
680 1805 759 1865 ante
795 1801 881 1868 sacri
918 1801 1062 1888 corporis
1103 1801 1331 1889 repositorium

281 1902 429 1968 collocati
452 1925 546 1968 suam
568 1924 643 1970 cum
669 1903 813 1968 lacrimis
844 1910 1016 1991 exponunt
1038 1903 1213 1984 miseriam,
1237 1925 1332 1991 opem

282 2007 443 2094 flagitant,
467 2009 581 2072 contra
611 2005 778 2072 diuturnae
811 2005 961 2093 caliginis
991 2007 1129 2073 taedium
1151 2005 1332 2073 beatissimi

281 2110 365 2196 regis
387 2114 526 2195 poscunt
548 2108 717 2174 auxilium
765 2107 836 2174 Nec
851 2109 984 2175 difficile
998 2115 1120 2196 putant
1141 2109 1179 2175 in
1200 2109 1332 2196 regione

281 2213 362 2277 lucis
384 2233 483 2298 quam
512 2211 604 2277 nulla
631 2233 699 2276 nox
725 2211 909 2300 interpolat
939 2213 1167 2278 constitutos
1189 2213 1333 2278 Domino

281 2314 364 2379 lucis
385 2313 578 2380 mortalibus
600 2313 788 2401 corporibus
817 2315 926 2379 lucem
947 2314 1125 2401 impetrare
1146 2319 1332 2393 terrenam3

282 2439 342 2482 nec
379 2416 513 2481 minoris
550 2437 626 2481 eum
656 2416 767 2482 meriti
804 2415 910 2482 choris
953 2417 1134 2482 inmixtum
1179 2417 1334 2504 angelicis

282 2518 537 2600 arbitrabantur,
568 2540 668 2604 quam
705 2518 813 2585 fuerat
844 2519 942 2584 cnm¹
982 2519 1097 2585 divina
1126 2540 1194 2584 non
1228 2518 1335 2585 defuit

284 2645 358 2708 quae
395 2626 430 2686 et
462 2621 568 2687 sancti
608 2621 660 2686 sui
707 2622 826 2687 merita
856 2621 959 2688 latius
992 2621 1179 2710 propalaret
1210 2627 1245 2688 et
1279 2622 1334 2687 de·

283 2724 461 2790 sideratum
483 2723 610 2788 miseris
628 2723 784 2790 solacium
802 2745 870 2789 non
888 2729 1032 2812 negaret
1094 2723 1215 2790 Subito
1247 2725 1335 2790 enim

283 2825 335 2892 is⁹
359 2827 415 2913 qui
438 2825 508 2891 dux
530 2825 639 2892 fuerat
660 2831 841 2892 ceterorum
864 2827 1012 2892 caritatis
1042 2848 1111 2893 snae
1134 2826 1335 2915 stipendium

283 2924 406 2995 lumine
429 2928 595 3016 duplicato
625 2928 757 3015 recepit,
789 2930 957 3013 sociosque
986 2929 1162 3017 respiciens
1184 2928 1278 2995 videt
1300 2934 1335 2995 et

284 3032 428 3117 ipsorum
450 3030 586 3117 [omrlos]
607 3032 686 3095 novi
707 3029 844 3095 luminis
866 3030 1033 3096 infusione
1055 3032 1233 3118 splendere.
1279 3030 1336 3095 In-

284 3139 421 3200 tuentur
457 3154 492 3199 se
529 3137 654 3211 mutuo,
693 3138 728 3199 et
765 3154 851 3197 unus
884 3133 927 3198 ab
961 3133 1026 3198 alio
1064 3134 1257 3213 sciscitatur,
1291 3156 1336 3199 an

284 3237 418 3303 videat?
447 3234 590 3323 Stupent
611 3256 732 3313 omnes,
757 3240 793 3301 et
815 3236 911 3321 quasi
932 3240 1030 3300 extra
1052 3256 1087 3300 se
1109 3235 1211 3323 positi
1232 3236 1335 3301 nesci-

284 3338 384 3404 ebant
406 3339 622 3425 quieveram
644 3341 696 3403 est
718 3338 807 3424 quod
830 3338 952 3403 fiebat:
986 3338 1225 3404 existimabant
1248 3339 1336 3403 enim

284 3464 318 3507 se
351 3444 459 3507 visum
494 3440 613 3506 videre.
671 3440 817 3505 Tandem
852 3442 888 3505 in
922 3440 1112 3527 semetipsos
1145 3440 1268 3507 reversi
1301 3446 1337 3507 et

285 3567 438 3632 magnam
460 3542 710 3609 multitudinem
733 3542 869 3609 Divinae
891 3542 1053 3609 bonitatis
1075 3542 1212 3630 experti,
1228 3565 1336 3609 erum-
1459 3579 1463 3585 ·

286 3654 371 3735 punt
407 3647 444 3711 in
481 3668 595 3713 vocem
640 3645 853 3712 exultationis
891 3655 927 3712 et
963 3644 1184 3725 confessionis,
1222 3647 1336 3712 multis

287 3749 528 3815 occurrentibus
561 3753 596 3814 et
629 3746 871 3814 admirantibus
901 3770 969 3835 prae
991 3749 1113 3835 gaudio
1136 3753 1172 3814 et
1201 3748 1338 3815 laudan-

286 3853 377 3919 tibus
399 3850 508 3918 Deum
530 3852 567 3916 in
596 3856 709 3917 sancto
741 3873 801 3917 suo
823 3850 996 3916 Eduardo.
1043 3850 1101 3916 llli
1134 3856 1243 3917 autem
1279 3851 1337 3938 qui

286 3976 405 4021 munus
435 3954 578 4020 salutare
609 3958 825 4040 susceperant,
860 3954 984 4039 gratias
1017 3958 1153 4039 agentes
1188 3953 1260 4019 Deo
1294 3956 1337 4020 ad

285 4059 415 4146 propria
437 4061 634 4136 remearunt,
657 4056 839 4121 beatissimi
869 4056 957 4141 regis
979 4055 1098 4121 merita
1120 4056 1337 4141 praedicantes

286 4166 321 4227 et
342 4162 502 4227 virtutem
525 4160 595 4224 eius
616 4164 811 4245 argumento
834 4157 959 4221 visibili
982 4158 1240 4243 comprobantes

1164 4368 1196 4373 --
1201 4367 1336 4374 -----

322 4514 328 4543 ¹
346 4512 412 4577 cum]
426 4512 488 4561 Add
504 4512 568 4561 from
576 4509 683 4561 Ailred:
708 4523 787 4559 mem·
838 4506 895 4557 lllis
916 4506 1001 4571 itaque
1022 4505 1050 4555 in
1077 4504 1189 4555 oratione
1205 4503 1337 4569 persisten-

286 4591 340 4641 bris
351 4598 416 4641 esset
434 4588 637 4653 corruptibilibus
648 4588 786 4639 involutus.
839 4585 1119 4731 dbprzpleppppdfisetc.
