3567 5800
507 819 572 884 244
761 835 826 887 uro.
850 835 898 886 nn
917 837 1053 886 cresse.
1075 837 1162 888 senc
1185 837 1271 886 mer.

506 1021 641 1108 ticipem
674 1020 774 1088 faciet
808 1043 849 1087 ex
897 1023 1049 1088 omnibus
1095 1023 1190 1109 siqua
1226 1029 1305 1087 sunt
1343 1043 1452 1087 coram
1480 1020 1561 1085 Deo

507 1123 602 1190 bonis
624 1123 776 1211 operibus
796 1126 930 1206 nostris,
952 1130 987 1190 et
1016 1125 1134 1192 fratres
1163 1147 1224 1192 nos
1245 1147 1284 1190 sc
1313 1125 1416 1190 socios
1436 1123 1474 1188 in
1493 1145 1562 1188 sua

508 1226 681 1293 dilectione
702 1227 882 1294 constituat
905 1229 942 1292 in
963 1229 1055 1294 omni
1076 1233 1225 1316 tempore
1246 1227 1408 1314 amplius;
1429 1248 1467 1290 ec
1486 1247 1562 1290 non

507 1330 668 1396 minorem
697 1336 825 1420 partem
853 1331 961 1397 nostri
990 1331 1138 1418 obsequii
1166 1331 1262 1413 robis
1291 1329 1496 1416 reconsignet
1520 1328 1562 1392 in

507 1456 566 1500 suo
599 1455 701 1523 regno
745 1459 843 1523 quam
888 1437 1131 1524 nobismetipsis
1175 1436 1348 1524 provenire
1392 1439 1560 1522 optamus

508 1535 641 1605 Erimus
672 1538 771 1604 etiem
802 1538 953 1627 deinceps
981 1560 1043 1627 pro
1074 1539 1170 1605 vobis
1192 1539 1264 1604 sine
1292 1538 1395 1604 dubio
1424 1542 1561 1602 orantes

508 1642 645 1722 assidue,
667 1647 708 1708 ut
729 1643 799 1730 ipse
822 1642 913 1709 Deus
934 1642 1031 1708 vobis
1053 1642 1194 1708 subiciat
1215 1642 1327 1708 hostes
1347 1647 1383 1707 et
1403 1639 1560 1706 inimicos

508 1745 566 1830 qui
600 1750 714 1810 contra
739 1765 800 1811 vos
827 1744 994 1811 voluerint
1023 1745 1198 1833 insurgere,
1231 1749 1267 1810 et
1295 1743 1467 1810 confirmet
1494 1763 1561 1806 vos

507 1847 544 1912 in
583 1851 721 1934 paterno
756 1847 837 1914 solio
875 1852 910 1912 et
946 1847 1079 1935 propria
1115 1846 1317 1927 hereditate3
1361 1867 1399 1912 ac
1435 1845 1562 1910 beatus

508 1948 625 2014 Petrus
658 1951 702 2015 sit
734 1949 829 2016 vobis
863 1954 973 2015 eustos
1007 1953 1042 2014 et
1077 1948 1211 2016 adiutor
1246 1971 1373 2037 semper
1401 1947 1561 2012 inomni

508 2051 732 2118 tribulatione.
778 2050 891 2118 Olaret
920 2051 1010 2117 enim
1039 2053 1223 2140 Anglorum
1253 2073 1346 2140 reges
1374 2073 1434 2139 pro
1463 2071 1561 2114 reve-

509 2155 617 2220 rentia
654 2159 688 2220 et
725 2152 901 2219 devotione
936 2175 1036 2240 quam
1072 2153 1293 2220 exhibuerunt
1323 2154 1421 2219 beato
1454 2152 1559 2217 Petro

507 2257 612 2343 glorie
633 2260 667 2321 et
689 2255 813 2323 honore
835 2255 989 2333 fiomisse,
1013 2278 1051 2321 ac
1080 2256 1182 2344 ipsius
1203 2256 1386 2343 patrocinio
1414 2257 1558 2320 semesos

507 2359 690 2446 triumphos
728 2358 916 2425 obtinuisse.
985 2360 1087 2425 euius
1124 2358 1214 2425 beati
1251 2358 1391 2447 apostoli
1426 2358 1558 2423 meritis

507 2465 618 2527 vestro
640 2461 798 2528 desiderio
823 2467 858 2527 et
879 2462 1048 2527 voluntati
1068 2460 1284 2548 Omnipotens
1306 2460 1398 2528 Deus
1419 2466 1559 2547 prestet

508 2563 668 2642 effectum,
701 2569 735 2630 et
765 2563 938 2630 confirmet
959 2563 1053 2630 vobis
1082 2565 1213 2651 paterni
1245 2565 1340 2652 regni
1371 2565 1556 2651 imperium,

507 2673 541 2733 et
571 2667 700 2733 tribuet
729 2667 818 2754 pacis
847 2667 1096 2748 incrementum,
1120 2672 1155 2733 et
1184 2673 1259 2754 post
1281 2667 1452 2757 praesentis
1472 2667 1558 2731 vitae

508 2768 677 2835 decursum
714 2769 870 2856 perducat
907 2771 951 2834 sd
986 2776 1146 2842 aeternum
1182 2771 1406 2858 permanentis
1440 2768 1557 2857 gloriae

340 2890 492 3037 itit?
508 2893 706 3042 inette
735 2871 1051 3062 {obtuitus
1066 2872 1558 3042 ftttt‘ttmtetsts

341 3024 549 3154 igeissmeb
582 3078 640 3144 illo
673 3082 753 3144 voto
795 3078 884 3165 quod
921 3026 1090 3143 timebatis
1128 3083 1164 3144 et
1202 3079 1246 3143 sb
1285 3078 1439 3144 omnibus
1479 3077 1557 3141 aliis

507 3182 646 3269 peccatis
676 3187 711 3248 et
740 3180 972 3267 iniquitatibus
1001 3181 1121 3247 vestris
1142 3180 1341 3247 auctoritate
1371 3182 1458 3247 illius
1495 3181 1557 3267 qui

506 3306 566 3362 me,
601 3284 678 3350 licet
711 3283 893 3370 indignum,
919 3304 986 3349 suoe
1016 3288 1138 3349 sanctae
1168 3284 1239 3363 sedi
1271 3305 1409 3372 praeesse
1438 3284 1556 3349 voluit

507 3384 671 3452 Prseterea
692 3385 742 3451 ilii
763 3385 832 3451 loco
853 3406 952 3471 quem
973 3384 1035 3450 sub
1056 3386 1189 3451 nomine
1211 3392 1330 3452 sancta
1351 3386 1557 3473 penitentiae

506 3488 762 3553 construendum
785 3492 819 3552 et
840 3486 1078 3553 meliorandum
1104 3488 1299 3575 suscepistis,
1322 3488 1489 3573 quoniam,
1511 3494 1555 3553 ut

506 3589 619 3669 fertur,
642 3590 780 3676 primam
796 3588 982 3675 antiquitus
1003 3591 1278 3655 consecrationem
1301 3612 1322 3655 c
1344 3590 1442 3655 beato
1456 3590 1556 3657 Petro

506 3692 639 3778 occepit,
677 3691 779 3769 cuius,
814 3692 892 3756 licet
929 3690 1066 3778 indigni,
1095 3692 1211 3758 vicarii
1248 3714 1369 3773 sumus,
1407 3699 1442 3757 et
1475 3694 1557 3779 quia

506 3793 597 3881 regia
618 3794 804 3879 antiquitus
826 3794 917 3859 sedes
944 3799 1002 3873 est,
1026 3814 1070 3859 ex
1091 3794 1290 3860 auctoritate
1321 3793 1386 3860 Dei
1407 3800 1443 3859 et
1464 3817 1557 3861 sanc-

505 3900 615 3962 torum
652 3896 874 3983 apostolorum
912 3900 1011 3981 atque
1056 3896 1154 3961 huius
1195 3895 1354 3962 Romanae
1394 3896 1481 3961 sedis
1517 3904 1556 3963 et

337 4120 484 4188 nes,
504 3998 1227 4188 tttfftffltit‘tffit
1244 3998 1554 4187 ἳξὲἴὲᾛὶ

337 4188 460 4303 Μθᾞθ
505 4202 605 4268 tionis
636 4207 671 4269 et
701 4202 951 4269 consecrationis
984 4203 1074 4268 locus
1109 4202 1154 4268 sit
1190 4206 1293 4287 atque
1322 4200 1553 4288 repositorium

336 4256 492 4383 imme
506 4304 664 4391 regalium
703 4303 880 4390 insignium
918 4308 953 4368 et
988 4304 1151 4369 habitatio
1185 4309 1344 4391 perpetua
1379 4306 1554 4370 monacho·

334 4389 424 4503 {2⁶³⁰
506 4430 587 4473 rum
639 4407 704 4487 Qui
727 4405 811 4471 nulli
832 4406 966 4472 omnino
988 4427 1133 4491 personae
1163 4405 1229 4471 nisi
1258 4406 1328 4492 regi
1355 4406 1550 4487 subdantur,

336 4470 399 4585 toiye
408 4470 492 4599 iiim
504 4508 711 4596 habeantque
733 4514 930 4596 potestatem
943 4507 1122 4574 secundum
1142 4508 1288 4595 regulum
1310 4508 1425 4575 Sancti
1448 4508 1554 4573 Bene-

336 4586 437 4698 repulus
504 4612 584 4677 dicti
614 4633 672 4700 per
702 4610 919 4677 successiones
947 4610 1066 4697 eligere
1094 4631 1137 4673 ex
1165 4632 1200 4676 se
1229 4610 1364 4676 idoneos
1393 4610 1554 4689 abbates;

335 4683 607 4801 3¹⁸¹¹t⁸⁸¹¹⁶neque
644 4714 871 4780 introducetur
901 4734 959 4799 per
988 4711 1182 4779 violentiam
1212 4718 1371 4779 extranea
1399 4734 1548 4800 persona,

333 4764 422 4801 immu-

333 4816 415 4871 nius.
500 4817 565 4880 nisi
599 4838 697 4902 quem
731 4838 862 4883 concors
894 4817 1104 4904 congregatio
1132 4815 1197 4882 sibi
1233 4838 1370 4903 praeesse
1406 4816 1550 4901 elegerit
