3567 5800
419 902 466 951 na
488 900 606 951 onsns
629 896 751 950 sanun
773 896 967 949 aran-rr.
991 886 1044 963 25,
1068 885 1119 948 26.
1223 880 1291 951 267

240 1096 373 1177 gratum
409 1090 634 1176 spectantibus
673 1088 854 1177 praebentia
887 1087 1108 1175 spectaculum
1139 1090 1174 1151 et
1209 1084 1294 1171 regis

241 1194 452 1259 sanctitatem
484 1190 739 1257 advenientibus
774 1191 989 1256 ostendentia
1042 1188 1116 1254 Hoc
1148 1188 1293 1277 profecto

241 1295 437 1360 miraculum
469 1294 512 1359 ad
560 1294 730 1381 diligenda
767 1292 865 1357 simul
903 1314 941 1357 ao
977 1292 1167 1357 veneranda
1203 1290 1293 1354 beati

241 1399 333 1465 Petri
348 1397 468 1463 merita
491 1398 672 1462 maximum
696 1400 810 1462 sancto
827 1395 898 1482 regi
908 1393 1053 1482 prebuit
1074 1394 1288 1471 incentivum,

240 1506 275 1567 εὴ
308 1501 351 1566 ad
389 1522 470 1587 opus
504 1500 593 1586 quod
625 1500 662 1564 in
695 1500 765 1564 eius
796 1499 930 1564 nomine
961 1497 1172 1563 inchoaverat
1213 1518 1289 1563 cou-
1303 1514 1421 1564 Rosam

241 1605 473 1670 summandum
495 1607 529 1668 et
559 1603 756 1669 desiderium
779 1600 903 1687 ignivit
926 1605 961 1666 et
993 1601 1102 1666 illexit
1124 1601 1287 1666 affectum.
1304 1580 1451 1713 littei&

241 1708 365 1773 Verum
387 1730 455 1794 prae
478 1708 593 1773 ceteris
615 1726 689 1791 quas
712 1706 809 1771 beato
832 1704 931 1769 Petro
963 1724 1022 1790 per
1044 1702 1201 1789 Angliam
1216 1726 1290 1769 oon-

239 1815 366 1877 secrata
387 1814 466 1876 sunt
487 1811 557 1876 loca
579 1810 666 1874 hune
687 1808 893 1895 potissimum
908 1808 1159 1872 restaurandum
1182 1807 1290 1893 elegit,

241 1916 318 2000 quia
351 1914 555 1991 nouaclum,
587 1918 627 1979 ut
664 1932 763 1999 supra
799 1910 953 1989 diximus,
991 1910 1132 1975 coelestis
1155 1911 1290 1976 visionis

241 2016 378 2095 oracula,
421 2016 478 2081 sed
512 2018 613 2081 etiam
648 2013 870 2101 antiquissimi
905 2014 1120 2078 attestatione
1142 2014 1291 2079 miraculi

240 2122 341 2185 istum
363 2120 470 2185 locum
493 2120 523 2184 ei
546 2118 662 2185 didicit
683 2138 751 2203 prae
774 2117 926 2183 omnibus
949 2116 1113 2181 cariorem.

655 2530 734 2597 CAP.
761 2530 887 2597 XXVI.

244 2747 417 2831 Quomodo
439 2746 532 2813 tator
557 2745 748 2812 missorum
770 2746 954 2813 sollemnia
970 2744 1294 2814 Christianiasc'mcs
1305 2746 1404 2816 lina

332 2872 391 2918 rea
413 2849 610 2916 adoardus
648 2856 677 2916 ct
715 2836 839 2917 sancta
868 2850 1041 2918 memoria
1065 2874 1169 2918 cornea
1190 2850 1294 2917 Here·
1307 2834 1427 2950 322⁸}

322 2953 499 3043 fordensrb
522 2951 700 3040 Leosrtass
723 2953 842 3020 lesam
867 2953 1044 3021 otram
1066 2955 1229 3022 ctdercmt
1251 2955 1464 3021 athanasus.

330 3056 448 3124 altori.
1305 3035 1465 3164 ζ’,ξζζῇ

283 3263 328 3328 ΙΝ
360 3261 557 3328 monasterio
580 3283 723 3350 namque
746 3262 838 3328 beati
876 3262 1099 3348 apostolorum
1136 3260 1294 3350 principis
1305 3265 1416 3315 novas

240 3365 332 3430 Petri
366 3365 455 3451 quod
486 3365 743 3430 construendum
776 3364 1066 3452 ampliandumque
1099 3371 1292 3452 susceperat,
1305 3331 1456 3449 ffiffffla

240 3473 318 3533 ante
341 3467 445 3533 altare
467 3467 503 3532 in
530 3467 652 3534 honore
676 3467 807 3534 Sanctae
830 3467 1005 3533 Trinitatis
1028 3469 1163 3535 Deificae
1186 3465 1431 3543 conae-Vlfll‘3110f

241 3575 369 3635 oratum
392 3571 606 3636 saerosanctis
628 3571 865 3658 redemptionis
888 3575 1013 3639 nostrae
1045 3573 1213 3660 mysteriis
1234 3595 1295 3638 rex
1306 3533 1465 3649 illuditis

242 3673 543 3740 Christianissimus
588 3673 772 3740 assistebat.
850 3673 962 3740 Affuit
998 3675 1050 3740 illi
1093 3699 1168 3741 cum
1206 3679 1296 3742 omni
1309 3665 1448 3716 westmin-

240 3777 428 3842 reverentia
473 3777 672 3864 spiritusque
712 3777 885 3844 dulcedine
924 3779 1147 3846 nominandus
1191 3733 1464 3846 comessterAbney.

242 3879 491 3946 Herefordensis
515 3879 690 3958 Leoiricus,
715 3880 808 3946 euius
830 3881 989 3947 memoria
1010 3882 1047 3946 in
1069 3881 1297 3948 benedictione

241 3987 304 4060 est,
327 3982 482 4067 quoniam
513 4003 588 4046 cum
609 4003 712 4048 uxore
735 4003 794 4048 sua
816 3979 993 4068 Gothgiva,
1024 3985 1142 4050 aneilla
1164 3982 1311 4072 quidem·

242 4085 365 4150 Christi
404 4083 629 4162 devotissima,
674 4084 710 4149 in
748 4085 812 4150 Dei
850 4107 947 4172 opere
983 4109 1112 4175 semper
1147 4088 1297 4157 intentus

241 4188 421 4252 multorum
455 4185 678 4253 coenobiorum
705 4185 864 4252 fundator
896 4188 1038 4267 exstitit,
1072 4195 1106 4254 et
1128 4190 1235 4256 sobrie
1262 4197 1297 4257 et

241 4291 326 4355 iuste
349 4293 383 4354 εὴ
413 4289 466 4374 pie
496 4289 533 4353 in
565 4289 717 4355 omnibus
739 4289 858 4355 vivens
890 4291 1132 4376 possessionum
1163 4313 1296 4358 suarum

242 4397 276 4458 et
305 4390 533 4457 thesaurorum
558 4391 727 4458 Christum
749 4393 828 4458 fecit
858 4391 1018 4458 heredem.
1088 4395 1154 4461 Hic
1176 4418 1253 4483 ergo
1276 4420 1297 4462 a

241 4495 343 4560 latere
365 4494 460 4580 regie,
496 4493 669 4580 paululum
690 4500 805 4560 tamen
827 4501 980 4573 semotus,
1004 4497 1143 4577 astabat,
1179 4498 1298 4584 dignus

242 4619 302 4684 per
324 4597 435 4661 omnia
458 4597 516 4682 qui
532 4597 623 4662 tanti
645 4597 787 4684 talisque
810 4597 962 4662 miraculi
985 4582 1190 4666 conscius‘ac
1204 4602 1299 4666 testis

243 4700 408 4765 existeret.
455 4699 580 4786 Agitur
594 4701 631 4764 in
654 4701 752 4765 altari
775 4701 907 4766 sceleste
921 4702 1116 4787 mysterium
1139 4708 1173 4768 et
1194 4705 1299 4769 mani-

243 4803 306 4869 bus
328 4803 505 4869 saoerdotis
531 4802 646 4869 divina
669 4809 874 4870 sacramenta
895 4808 1092 4882 tractantur.
1139 4807 1184 4874 Et
1206 4809 1299 4874 scoal
