3567 5800
485 828 550 890 304
750 839 815 892 mc.
841 839 888 888 os
911 839 1043 892 ornare.
1067 839 1156 890 srnc.
1181 840 1268 888 srsr.

483 1035 518 1094 et
548 1029 757 1115 imponimus,
795 1029 936 1094 scientes
972 1028 1102 1117 experti
1139 1028 1296 1116 quoniam
1333 1026 1450 1092 melius
1484 1033 1541 1090 est

483 1130 647 1196 modicum
692 1130 781 1196 iusto
830 1151 929 1218 super
972 1132 1110 1197 divitias
1155 1137 1363 1218 peccatomm
1406 1129 1539 1194 multas

484 1232 603 1298 Melius
621 1232 718 1321 plane
736 1233 902 1299 modicum
919 1233 1106 1300 literaturae
1125 1256 1202 1299 cum
1218 1233 1284 1299 fide
1305 1255 1381 1319 quae
1403 1232 1439 1296 in
1460 1232 1542 1296 nm-

481 1334 630 1420 plicitate
652 1357 727 1403 cum
750 1335 926 1402 dilectione
953 1341 1108 1422 operatur
1130 1358 1228 1423 super
1249 1335 1388 1401 divitias
1409 1333 1541 1420 sapien·

481 1437 540 1503 tiae
562 1443 598 1504 et
620 1437 768 1506 scientiae
792 1439 966 1517 wcularis,
989 1440 1109 1526 quibus
1138 1439 1237 1504 multi
1259 1437 1315 1504 vel
1340 1438 1383 1503 ad
1408 1436 1542 1502 vanita-

482 1545 551 1607 tem
574 1541 727 1609 humanse
756 1542 866 1608 laudis
895 1543 951 1608 vel
980 1543 1018 1607 in
1048 1543 1226 1608 avaritiam
1252 1540 1360 1629 turpis
1389 1545 1541 1627 quaestus

481 1644 675 1709 abutuntur.
721 1644 850 1710 Accede
880 1643 994 1732 igitur,
1017 1644 1123 1710 frater
1151 1645 1209 1725 mi,
1231 1643 1348 1710 accede
1369 1643 1413 1708 ad
1434 1642 1541 1707 domi-

482 1767 563 1812 num
591 1752 698 1826 tuum,
732 1746 835 1812 immo
867 1753 903 1813 et
940 1752 1101 1824 nostrum,
1124 1745 1289 1812 credimus
1326 1746 1416 1811 enim
1453 1745 1538 1831 quia

481 1855 596 1915 sancta
618 1851 688 1916 eius
710 1848 848 1916 dextera
868 1871 944 1935 quae
969 1848 1065 1914 nobis
1088 1848 1241 1915 baculum
1267 1847 1452 1936 denegavit,
1475 1846 1542 1912 tibi

481 1951 596 2018 laxata
624 1973 727 2018 manu
755 1951 850 2018 facile
879 1949 1093 2038 resignabit.''
1147 1951 1214 2016 His
1242 1949 1375 2025 auditis
1405 1956 1540 2014 sanctus

481 2053 633 2141 pontifex
663 2055 837 2120 Wlstanus
866 2075 928 2118 sua
953 2075 1033 2119 usus
1063 2053 1276 2141 simplicitate
1300 2052 1413 2139 paruit
1434 2052 1539 2138 impe·

370 2164 373 2176 '
482 2156 579 2231 renti,
611 2161 646 2222 et
677 2156 832 2222 accedens
866 2155 911 2220 ad
940 2155 1056 2236 altare,
1089 2162 1109 2191 “
1132 2154 1244 2235 Ecce,''
1276 2153 1395 2240 inquit
1420 2160 1439 2190 “
1465 2174 1534 2240 ego,

482 2255 615 2322 domine
637 2259 684 2321 mi
717 2257 888 2336 Edwards,
923 2279 996 2324 ecce
1029 2279 1091 2346 ego
1125 2257 1183 2344 qui
1218 2279 1270 2322 me
1297 2262 1356 2322 tuo
1386 2255 1534 2321 commisi

481 2358 611 2437 iudicio,
648 2359 706 2445 qui
736 2382 790 2426 me
824 2366 893 2426 tuae
925 2361 1100 2426 sententies
1131 2358 1274 2440 subdidi,
1306 2359 1360 2424 cui
1382 2358 1534 2424 baculum

481 2482 579 2547 quem
612 2482 813 2526 concesseras
846 2462 1022 2549 resignavi.
1078 2461 1169 2543 Quid
1202 2483 1291 2527 nunc
1313 2461 1379 2526 tibi
1401 2461 1536 2549 plaoerr

482 2563 571 2644 Quid
594 2563 669 2629 visl
715 2563 803 2645 Quid
825 2564 998 2630 decemist
1056 2563 1207 2630 Servasti
1229 2569 1316 2630 certe
1338 2563 1536 2650 dignitatem

481 2671 583 2745 tuam,
600 2686 706 2730 meam
729 2667 880 2752 purgasti
902 2666 1132 2745 innocentiam,
1148 2674 1243 2732 tuam
1258 2665 1536 2753 magnificentiam

483 2767 668 2854 prodidisti
731 2767 768 2832 Si
792 2768 897 2856 igitur
918 2769 1026 2834 adhuc
1049 2769 1091 2834 de
1125 2791 1178 2835 me
1213 2773 1274 2834 tua
1304 2773 1373 2833 stat
1398 2768 1539 2853 antiqua

484 2870 658 2952 sententis,
680 2870 781 2937 redde
802 2869 979 2953 baculum3
1001 2877 1061 2938 aut
1087 2872 1116 2938 si
1142 2876 1280 2949 mutata,
1306 2871 1361 2937 cui
1383 2869 1538 2936 tradatur

485 2973 653 3039 edissere.'’
729 2973 813 3040 Haec
850 2975 971 3055 dicens,
1003 2973 1071 3041 levi
1104 2980 1200 3041 tactu
1230 2973 1359 3061 virgam
1393 2978 1537 3060 temptat

313 3049 429 3149 ἵζω,
485 3076 643 3158 evellere;
688 3098 763 3164 quac
800 3096 878 3143 mox
915 3099 1050 3142 manum
1088 3076 1159 3143 eius
1204 3084 1324 3154 secuta,
1350 3098 1390 3141 ac
1432 3076 1461 3141 si
1498 3076 1535 3139 in

485 3179 577 3244 molli
615 3178 687 3245 luto
720 3179 836 3245 fuisset
872 3180 1040 3266 impressa,
1064 3179 1194 3245 desiliit
1249 3182 1437 3245 Accurrunt
1476 3200 1538 3243 rex

483 3282 581 3347 simul
603 3288 638 3348 et
656 3282 938 3369 archiepiscopus3
968 3281 1126 3369 prostrati
1156 3282 1288 3348 veniam
1309 3282 1480 3367 postulant
1500 3286 1538 3346 et

481 3406 516 3451 se
559 3385 665 3451 sancti
698 3384 763 3449 viri
795 3383 946 3471 precibus
977 3385 1219 3449 commendant
1292 3382 1345 3463 Ar
1379 3384 1434 3449 ille
1478 3383 1537 3469 qui

482 3486 644 3553 didicerat
667 3510 688 3552 a
709 3485 853 3552 Domino
887 3486 971 3551 -Jesu
1004 3486 1100 3551 mitis
1132 3506 1201 3551 esse
1227 3492 1263 3552 et
1283 3485 1419 3551 humilis
1440 3486 1538 3551 corde

482 3589 562 3675 ipsis
583 3610 676 3675 aeque
696 3588 917 3675 prosternitur
937 3594 973 3653 et
994 3610 1016 3653 a
1035 3594 1133 3654 tanto
1159 3610 1194 3653 se
1214 3588 1370 3675 pontifice
1385 3588 1536 3652 benedici

482 3696 642 3777 precatur.
700 3690 782 3772 Quae
812 3696 893 3757 tunc
922 3691 1011 3755 inter
1032 3696 1164 3757 sanctos
1186 3690 1353 3777 episcopos
1374 3690 1537 3761 lacrimrez

482 3816 556 3879 quae
593 3794 743 3881 suspiria,
782 3814 882 3880 quam
928 3792 1065 3857 humilis
1084 3818 1092 3831 ·
1109 3793 1151 3858 de
1195 3793 1268 3879 ipsa
1311 3792 1538 3857 benedictione

481 3896 584 3962 fuerit
628 3895 805 3976 contentio,
845 3894 920 3982 quis
957 3894 1052 3961 facile
1089 3894 1236 3960 dixeritl
1304 3893 1456 3960 Tandem
1500 3917 1536 3960 se

481 3996 623 4065 mutuo¹
646 3996 875 4063 benedicentes
906 3997 944 4062 in
975 3997 1086 4063 oscula
1116 4003 1230 4077 ruunt,
1258 4002 1293 4062 et
1325 3996 1481 4062 manibus
1502 4019 1539 4062 se

481 4106 632 4167 tenentes
668 4101 705 4165 in
743 4100 910 4187 synodum
947 4100 1097 4178 redeunt,
1136 4099 1264 4165 cunctis
1294 4099 1535 4179 exultantibus,

481 4206 598 4271 multis
619 4209 732 4269 autem
754 4208 789 4270 et
811 4204 972 4270 flentibus
1000 4226 1070 4291 pras
1095 4204 1225 4292 gaudio,
1249 4202 1402 4269 omnibus
1423 4210 1536 4269 autem

483 4308 518 4372 in
552 4328 724 4372 commune
756 4306 863 4371 Deum
893 4306 930 4371 in
960 4306 1080 4371 sanctis
1109 4305 1177 4372 suis
1206 4305 1391 4371 mirabilem
1417 4306 1539 4392 praedi-

482 4409 642 4475 centibus.
689 4409 763 4475 Rex
785 4430 864 4474 vero
898 4408 935 4473 in
967 4430 1113 4474 amorem
1142 4407 1276 4494 cognati
1306 4408 1359 4473 sui
1379 4408 1538 4473 simulet

793 4713 800 4741 ¹
818 4728 844 4759 ae
855 4710 948 4777 mutuo]
967 4726 995 4761 se
1005 4719 1093 4763 mutuo
1103 4726 1139 4772 ss,
1151 4710 1207 4763 MS.
