3567 5800
479 827 521 890 46
745 843 809 891 mc.
832 843 880 892 ns
901 841 1034 892 munuc
1057 841 1147 892 senc.
1172 841 1257 892 srsr.

478 1027 605 1092 duobus
625 1027 704 1094 filiis
725 1029 796 1094 eius
817 1029 958 1096 vinculis
979 1030 1217 1116 constringimt,
1241 1049 1341 1094 noves
1367 1029 1527 1115 quosdam

476 1129 664 1210 incendunt,
699 1132 856 1218 quosdam
889 1132 933 1198 ud
969 1133 1085 1198 urbem
1124 1131 1313 1198 Roiensium
1348 1132 1525 1209 adducunt,

475 1253 613 1298 uxorem
635 1232 778 1299 Hastein
799 1255 873 1300 cum
888 1234 967 1300 filiis
988 1235 1056 1300 suis
1079 1235 1119 1300 ad
1144 1234 1258 1299 urbem
1282 1233 1526 1300 Londoniurum

477 1335 716 1401 transmittunt
779 1335 825 1402 Et
855 1336 907 1402 his
940 1337 991 1402 ito
1023 1336 1132 1425 gestis,
1171 1357 1232 1402 rex
1265 1336 1420 1403 Alfredus
1455 1337 1526 1403 sive

476 1437 641 1504 Aduredus
678 1439 823 1526 paganis,
862 1461 922 1526 pro
960 1439 1080 1525 quibus
1129 1439 1291 1505 Exoniom
1329 1439 1421 1520 ieret,
1459 1439 1526 1505 levi

476 1541 610 1627 negotio
648 1540 817 1627 superatis,
856 1541 1051 1622 dilaceratis,
1097 1547 1132 1608 ct
1169 1542 1213 1607 ed
1249 1563 1349 1608 noves
1392 1542 1525 1629 fugatis,

476 1665 626 1710 reversus
647 1648 699 1709 est
720 1643 764 1708 cd
785 1642 1067 1708 Londonieusium
1091 1643 1268 1710 civitatem.
1320 1643 1390 1710 Ubi
1419 1665 1527 1710 comcs

478 1745 676 1812 Ethelrcdus
698 1767 835 1811 uxorem
859 1744 1003 1811 Hostcin
1024 1767 1100 1811 cum
1122 1746 1250 1812 duobus
1271 1746 1350 1812 filiis
1372 1746 1442 1812 cius
1456 1746 1524 1833 rogi

477 1849 698 1936 proescntcvit
721 1854 836 1936 potens
867 1847 1058 1927 adiudicari,
1081 1847 1225 1933 quidde
1256 1869 1358 1914 uxore
1381 1848 1526 1914 eiusdem

477 1951 655 2037 proditoris
685 1955 721 2016 ct
750 1950 829 2016 filiis
859 1950 945 2016 foret
977 1951 1148 2038 egendum,
1173 1951 1230 2038 qui
1264 1955 1407 2037 pactum,
1439 1951 1527 2037 quod

477 2075 553 2119 cum
581 2074 657 2140 rego
678 2053 854 2140 pepigerat,
878 2048 1028 2119 violavit.
1088 2052 1189 2133 iimo,
1213 2075 1286 2119 oum
1308 2053 1351 2118 eb
1375 2053 1527 2119 omuibus

476 2156 659 2221 iudicatum
680 2154 803 2234 diisset,
826 2156 914 2242 ipsos
945 2161 1051 2222 morte
1081 2156 1272 2243 turpissimo
1302 2177 1371 2222 esse
1400 2155 1529 2242 dignos,

477 2279 537 2322 rex
558 2258 667 2323 noluit
688 2258 735 2324 eis
757 2258 934 2345 quicquam
957 2260 1034 2324 maii
1057 2258 1170 2336 fucere,
1194 2281 1232 2325 eo
1255 2258 1343 2345 quod
1365 2259 1452 2325 idem
1466 2279 1527 2323 rex

477 2383 581 2426 unum
618 2381 661 2425 ex
694 2360 812 2447 pueris,
846 2366 886 2428 ut
919 2361 1068 2448 superius
1099 2361 1240 2427 relatum
1274 2364 1334 2439 est,
1366 2362 1407 2426 do
1436 2383 1527 2427 sucro

477 2464 569 2529 fonte
591 2468 785 2550 susceperat,
809 2468 844 2529 et
865 2463 969 2529 ulium
991 2485 1096 2530 comos
1129 2463 1346 2547 Ethelredus3
1377 2465 1526 2531 sedtum

478 2571 618 2632 matrem
639 2587 739 2653 quum
761 2587 879 2653 pueros
902 2565 1021 2632 liberos
1043 2565 1133 2632 abire
1156 2567 1312 2653 permisit.

311 2879 468 3001 Rfflg‘l·
504 2885 756 2955 Oorrmusrro
801 2887 853 2955 Dc
873 2885 976 2975 mcci
998 2887 1151 2975 quodum
1169 2885 1406 2977 persequebar
1427 2909 1495 2977 quc

814 2989 917 3057 Ducti
939 2991 1079 3059 contriti
1100 2996 1189 3058 suut.

523 3196 650 3262 Eomm
678 3201 824 3285 tempore
857 3196 999 3262 Hastein
1033 3196 1166 3282 iniquus
1199 3201 1233 3261 et
1264 3195 1364 3263 ceteri
1397 3194 1527 3283 pegeni,

477 3322 559 3387 quos
581 3300 744 3365 exercitus
765 3298 851 3387 regis
866 3297 996 3366 Aliredi
1018 3298 1088 3364 sive
1103 3297 1241 3364 Aiuredi
1264 3300 1305 3364 de
1328 3296 1530 3364 Beumfleotc

476 3403 658 3491 fugaverat,
680 3402 912 3489 disposuerunt
933 3402 1073 3467 transire
1108 3402 1151 3466 cd
1183 3402 1331 3467 concives
1361 3421 1444 3478 suos,
1469 3398 1529 3484 qui

476 3505 514 3570 in
536 3506 677 3571 occiduis
698 3504 848 3591 portibus
863 3504 995 3591 Angiiae
1016 3503 1220 3570 habitabunt
1197 3502 1408 3588 tArrepto
1423 3502 1531 3588 igitur

311 3574 451 3694 gffing,
479 3608 562 3672 olom
599 3607 728 3689 itinere,
762 3629 820 3693 per
861 3606 1066 3693 provinciam
1102 3606 1298 3672 Merciorum
1331 3606 1375 3670 cd
1411 3604 1530 3670 viliam

312 3709 420 3825 gnoti
421 3726 466 3777 Πε-
479 3708 644 3799 quandam
675 3731 774 3797 super
798 3709 924 3775 flumen
948 3708 1094 3775 Scbrinae
1116 3709 1223 3788 sitnm,
1248 3706 1528 3795 Huntingetune¹

338 3790 354 3823 ⁰
477 3812 687 3902 appellatum,
710 3816 945 3899 pervenerunt.
1006 3810 1075 3877 Ubi
1098 3834 1119 3876 u
1141 3810 1359 3876 confratribus
1381 3811 1448 3875 suis
1477 3832 1531 3877 re-

476 3921 629 3983 verenter
650 3921 728 3981 sunt
765 3915 886 4003 recepti
919 3914 1052 4001 utque'
1042 3936 1080 3978 m
1102 3913 1268 4001 oppidum,
1292 3912 1382 4000 quod
1403 3912 1530 3979 ibidem

477 4025 738 4101 construxerant,
759 4017 944 4086 introducti
932 4040 952 4081 1.
1015 4016 1164 4103 cumque
1195 4015 1266 4082 haec
1296 4016 1366 4103 regi
1389 4014 1529 4082 Aiiredo

477 4127 547 4191 sive
570 4122 716 4189 Aiuredo
747 4122 907 4187 nuntiato
928 4118 1075 4203 fuissent,
1099 4118 1312 4207 congregavit
1344 4118 1530 4185 exercitum

478 4230 572 4316 quusi
600 4226 833 4304 invincibilem,
857 4230 892 4290 et
913 4222 1049 4290 veniens
1080 4222 1123 4288 cd
1157 4222 1311 4310 oppidum
1344 4220 1529 4307 pressatum,

477 4333 567 4421 quod
589 4328 758 4397 Snbrinae⁹
788 4328 945 4394 fluctibus
976 4330 1047 4393 erut
1078 4324 1225 4411 undique
1258 4324 1433 4412 perfusum,
1467 4344 1532 4411 pa-

477 4439 671 4523 genestum
692 4432 805 4498 novali
827 4452 927 4517 qucm
949 4428 1097 4497 terrestri
1120 4428 1267 4495 exercitu
1290 4427 1529 4495 circumcinxit

907 4622 1018 4629 .-——--
1032 4620 1255 4627 ——ae-—
1272 4620 1485 4627 --...—--—.-—-
1495 4620 1504 4624 -

513 4735 735 4802 Ἠιιιιιίκροιικε]
782 4734 974 4798 Buttingetune,
1034 4728 1191 4795 'Sabrinoe]
1205 4728 1428 4794 ScbrinmetMS.

479 4814 646 4881 Rouwenc.
