3567 5800
486 825 532 892 90
749 837 816 888 ruo
839 837 887 888 nr
910 836 1046 888 omssc.
1070 836 1161 890 srsc.
1184 836 1272 890 msc

486 1024 605 1092 ducere
626 1029 663 1092 et
685 1023 791 1091 veluti
813 1023 854 1090 de
876 1028 975 1112 capta
997 1023 1110 1111 prada
1139 1023 1234 1092 laecss
1256 1021 1414 1090 victorias
1436 1044 1541 1111 agere

485 1127 717 1195 Perscrutatur
738 1127 853 1214 itaque
877 1132 1012 1194 sanctus
1027 1126 1223 1194 Dunstanus
1245 1147 1378 1194 causam
1392 1125 1543 1208 laetitiae3

484 1230 582 1298 audit
594 1251 707 1317 regem
720 1229 901 1297 Edwinum
916 1229 1040 1313 obisss3
1062 1230 1207 1296 animam
1222 1229 1311 1298 illius
1324 1228 1540 1296 infernalibus

483 1333 599 1400 stetim
632 1332 793 1400 incendiis
823 1331 1039 1400 uadendum:
1073 1332 1132 1399 sed
1165 1332 1257 1418 prius
1278 1333 1340 1399 hoc
1362 1330 1540 1398 Dunstsno

483 1455 527 1500 ex
549 1434 675 1502 Divino
697 1435 835 1522 imperio
856 1436 1088 1502 nuntisndum
1146 1435 1259 1502 Motus
1281 1435 1393 1521 itaque
1415 1436 1539 1521 pietate

482 1537 681 1606 Dunstsnus
702 1538 772 1604 solo
793 1543 892 1606 tenus
914 1539 1156 1626 prosternitur;
1178 1537 1350 1626 largifluus
1371 1559 1415 1604 ex
1438 1537 1539 1604 oculis

481 1640 691 1708 lacrimarum
712 1639 819 1706 imber
847 1641 1060 1728 producitur;
1093 1641 1205 1729 pulsat
1235 1641 1344 1710 Deum
1378 1640 1538 1727 precibus,

346 1807 349 1813 ,
482 1745 611 1812 neceb
642 1745 701 1811 illo
735 1743 859 1810 orando
890 1745 1039 1831 quiescit,
1064 1765 1234 1832 quousque
1265 1743 1420 1831 spiritum
1452 1743 1539 1830 regis

483 1847 618 1914 Edwini
665 1845 843 1914 libemtum
888 1847 1047 1934 agnoscit
1110 1846 1313 1912 Recordatus
1350 1851 1403 1911 est
1449 1845 1538 1912 enim

482 1950 645 2016 Dominus
666 1955 801 2037 patrum
822 1971 966 2030 suorum,
983 1970 1098 2034 regum
1122 1949 1246 2016 scilicet
1262 1947 1536 2027 Christianum,

481 2057 517 2118 et
538 2073 582 2118 no
603 2052 678 2139 quis
700 2052 741 2119 de
763 2073 855 2118 sacra
875 2052 979 2138 stirpe
1005 2052 1063 2116 illa
1091 2052 1221 2138 periret,
1247 2051 1538 2137 occasionemque

482 2156 678 2236 salvaretur,
701 2155 840 2222 invenit
904 2153 1004 2220 Unde
1035 2159 1142 2220 morte
1175 2153 1286 2240 ipsius,
1318 2159 1358 2219 ut
1382 2152 1535 2233 diximus,

483 2256 658 2325 Dunstano
673 2279 731 2343 per
745 2256 883 2342 spiritus
897 2257 1058 2342 malignos
1080 2257 1247 2335 nuntiato,
1263 2277 1306 2322 ex
1320 2255 1537 2341 inspiratione

482 2357 609 2422 Divina
629 2379 664 2423 se
687 2357 781 2424 dedit
814 2357 1008 2423 Dunstanus
1040 2380 1099 2445 pro
1132 2357 1243 2422 anima
1276 2357 1425 2424 defuncti
1451 2359 1537 2446 regis

482 2465 552 2524 tam
575 2458 688 2525 sedulo
722 2460 832 2524 Deum
866 2481 1010 2540 exorare,
1036 2464 1075 2525 ut
1109 2461 1150 2526 de
1181 2461 1287 2547 poenis
1319 2459 1537 2526 infernalibus

480 2561 683 2626 liberaretur.
728 2561 827 2626 Brevi
850 2561 963 2628 autem
985 2563 1114 2629 morule
1135 2567 1310 2642 transacto,
1327 2562 1416 2628 redit
1429 2562 1537 2628 tristis

481 2663 567 2750 legio
580 2662 759 2742 infernalis,
775 2684 961 2750 magnoque
982 2665 1122 2730 clamore
1145 2665 1181 2729 in
1196 2665 1255 2730 has
1270 2686 1366 2731 voces
1381 2665 1534 2751 erumpit.

482 2771 501 2801 “
518 2765 547 2830 Ο
563 2769 598 2830 te
612 2765 780 2830 bominem
795 2765 988 2832 bominum!
1022 2765 1146 2832 Ofidei
1166 2767 1333 2832 alienum!
1359 2767 1388 2832 Ο
1415 2767 1536 2832 nostris

478 2865 646 2933 beneficiis
660 2889 788 2955 semper
802 2867 972 2955 ingratum
984 2864 992 2934 l
1039 2867 1111 2934 Nos
1126 2869 1305 2935 detulimus
1320 2869 1514 2957 obsequium
1526 2893 1536 2951 ;

478 2976 519 3037 tu
541 2970 637 3036 nobis
659 2970 806 3045 retulisti
828 2972 1034 3058 supplicium.
1092 2972 1148 3039 Ad
1170 2972 1372 3038 ulciscendas
1396 2972 1535 3039 iniurius

478 3079 554 3139 tiras
576 3073 619 3139 de
640 3075 774 3160 regione
796 3074 1010 3141 tenebrarum
1026 3074 1197 3155 venimus3
1221 3080 1256 3141 et
1279 3080 1371 3141 ecce!
1388 3076 1535 3141 adversis

477 3176 768 3263 imprecationibus
805 3178 874 3243 tuis
905 3175 1033 3243 confusi
1064 3174 1239 3243 redimus.’'
1294 3177 1444 3263 Cumque
1478 3178 1534 3245 ille

476 3279 708 3365 depromendae
728 3279 882 3345 veritatis
904 3283 1106 3366 preceptum
1130 3277 1334 3345 daemonibus
1363 3279 1533 3361 indiceret,

476 3382 627 3467 agnoscit
659 3382 805 3447 animam
838 3382 926 3469 regis
960 3380 1095 3447 Edwini
1126 3382 1275 3468 angelica
1306 3382 1435 3447 virtute
1467 3382 1534 3449 illis

476 3485 650 3562 sublatam,
688 3486 732 3549 ad
765 3488 931 3550 statutum
963 3484 1145 3550 terminum
1171 3485 1232 3549 sub
1265 3484 1435 3571 signaculo
1465 3506 1533 3551 ser-

476 3592 612 3665 vatam3
645 3586 731 3651 nihil
756 3588 837 3653 iuris
870 3588 907 3653 in
938 3587 1031 3653 illam
1063 3588 1229 3653 daemones
1262 3586 1394 3671 habere,
1416 3588 1473 3654 sed
1496 3590 1532 3654 iu

476 3694 598 3756 sortem
619 3690 853 3777 paemtentium
884 3691 1071 3759 animarum
1106 3691 1243 3756 eandem
1266 3689 1386 3757 cedere.
1440 3690 1533 3759 Tunc

457 3794 674 3859 ,Dumunus
712 3792 865 3859 exultans
899 3792 935 3858 iu
970 3792 1116 3859 Domino
1148 3793 1272 3859 furores
1304 3794 1437 3859 illorum
1471 3795 1533 3861 tali

475 3895 727 3962 ratiocinatione
764 3897 971 3982 compescuit.
1035 3902 1053 3931 “
1069 3894 1187 3976 Quid?
1225 3896 1344 3982 inquit,
1381 3896 1533 3963 “iniusti

475 4006 587 4067 actum
609 4003 660 4065 est
682 3999 799 4064 vobis?
854 3996 892 4065 si
914 3999 1063 4085 peccavit
1086 3998 1183 4064 homo
1205 3998 1268 4065 iste
1290 3999 1327 4063 in
1351 3997 1530 4081 Christum,

474 4107 509 4169 et
524 4104 561 4168 in
574 4124 627 4168 me
642 4102 798 4189 peccavit
846 4098 913 4166 Sed
927 4100 1083 4187 quonism
1097 4123 1186 4166 meas
1208 4106 1342 4189 propter
1359 4100 1530 4169 Christum

476 4203 587 4270 dimisi
623 4202 774 4281 iniurias,
807 4202 935 4269 dimisit
966 4206 1000 4269 et
1033 4224 1108 4269 suas
1143 4202 1303 4282 Christus,
1339 4204 1430 4269 errius
1467 4226 1530 4291 ego

475 4306 682 4373 clementiam
705 4306 897 4393 deprecatus
930 4326 1012 4371 sum.
1070 4304 1167 4387 Quod
1198 4328 1275 4393 ergo
1310 4304 1461 4372 Christus
1495 4314 1531 4373 et

474 4430 535 4497 ego
557 4407 686 4497 dignati
707 4430 820 4473 sumus
843 4407 1020 4473 clementer
1042 4406 1225 4495 indulgere,
1246 4430 1307 4473 vos
1329 4431 1395 4495 qua
1424 4413 1531 4475 teme-

473 4512 575 4577 ritate
597 4511 725 4576 audetis
747 4508 895 4595 improbe
918 4508 1202 4596 reprehenderet''
1263 4510 1337 4591 Qua
1358 4514 1532 4579 sententia

474 4612 575 4681 ceteri
607 4614 751 4699 spiritus,
776 4612 871 4698 quasi
904 4610 1060 4678 Parthica
1092 4613 1235 4699 percussi
1268 4615 1400 4702 sagitte,
1434 4637 1535 4682 mus-

474 4738 587 4782 csrum
608 4716 706 4781 modo
728 4736 750 4780 a
771 4719 873 4781 vento
895 4720 1066 4803 raptarum
1090 4714 1265 4781 dissiliunt.
