3567 5800
551 864 614 926 164
808 878 877 926 rue
898 878 945 926 nr
968 878 1103 928 cruere.
1127 877 1215 927 srro.
1239 877 1326 930 Hrsr.
1438 921 1445 932 .

548 1052 744 1138 dedignetur
765 1054 983 1140 superiorem
1006 1057 1162 1143 pugnent,
1186 1055 1326 1132 consulo,
1348 1059 1498 1142 pugnent
1518 1053 1584 1130 soli,

548 1155 605 1240 qui
626 1155 687 1220 soli
709 1156 847 1243 cupiunt
871 1157 1034 1222 dominari
1045 1182 1055 1237 ;
1090 1163 1124 1223 et
1145 1159 1203 1244 qui
1224 1157 1434 1244 singulariter
1455 1177 1586 1242 regnare

548 1257 761 1338 contendunt,
784 1264 913 1325 certent
943 1283 1002 1348 pro
1033 1282 1150 1326 corona
1176 1260 1245 1341 soli,
1269 1260 1326 1346 qui
1357 1259 1419 1324 soli
1453 1259 1587 1345 cupiunt

423 1381 432 1399 ⁴
560 1361 707 1448 nsigniri.
753 1362 875 1430 Ineant
908 1365 972 1452 ipsi
1003 1366 1098 1431 duces
1124 1364 1224 1429 duelli
1254 1364 1437 1442 discrimen,
1468 1369 1508 1429 ut
1537 1363 1587 1429 vel

549 1464 595 1529 sic
627 1466 713 1530 alter
743 1466 921 1548 vineatur;
959 1490 1008 1547 ne,
1043 1469 1072 1532 si
1104 1467 1222 1554 saepius
1255 1472 1380 1554 pugnet
1418 1467 1587 1546 exercitae,

548 1568 701 1632 omnibus
737 1569 928 1651 interfectis,
965 1592 1033 1635 non
1069 1571 1139 1634 sint
1173 1569 1303 1648 milites,
1342 1569 1463 1656 quibus
1500 1591 1587 1656 reges

549 1669 734 1756 imperent‚¹
758 1693 817 1736 nec
839 1673 908 1737 sint
939 1672 1120 1752 bellatores,
1145 1671 1202 1757 qui
1236 1671 1392 1737 adversus
1416 1675 1586 1736 extraneos

548 1794 686 1860 regnum
723 1775 931 1842 defendant‚'’
976 1777 1058 1841 Haec
1091 1780 1125 1842 et
1158 1775 1224 1840 alia
1253 1774 1348 1861 plura
1381 1775 1433 1840 his
1472 1774 1586 1840 similia

548 1883 764 1964 prosequente
787 1879 912 1956 Edrico,
935 1879 973 1944 in
1006 1879 1130 1958 mediis,
1153 1883 1193 1943 ut
1223 1879 1272 1944 ita
1305 1879 1420 1956 dicam,
1444 1878 1586 1944 faucibus

547 1984 640 2045 totus
662 1981 692 2045 ei
714 1981 853 2068 populus
875 1982 1014 2047 verbum
1036 1981 1190 2060 obcludit,
1211 1981 1390 2047 vociferans
1405 1988 1441 2047 et
1464 1983 1584 2046 dicens:

549 2085 658 2152 “Aut
678 2094 828 2174 pugnent
849 2089 922 2175 ipsi,
945 2094 1004 2154 aut
1026 2087 1250 2175 componant.''
1306 2088 1426 2154 Dela-ta
1447 2111 1526 2154 vero
1547 2088 1585 2152 sd

547 2209 639 2274 reges
668 2195 739 2255 tarn
772 2212 939 2277 procerum
972 2213 1071 2277 quem
1101 2191 1214 2278 populi
1245 2191 1419 2268 sententia,
1454 2197 1495 2256 ut
1530 2190 1584 2255 soli

548 2292 742 2359 dimicarent
763 2316 823 2380 pro
843 2316 945 2381 regno
968 2295 1160 2382 Anglorum‚
1182 2316 1241 2360 rex
1263 2293 1457 2359 Edmundus
1480 2293 1584 2358 animo

547 2397 698 2481 gratanti
718 2419 784 2461 non
808 2397 914 2462 solum
936 2399 1108 2463 sententiae
1130 2419 1298 2484 procerum
1313 2401 1347 2461 et
1362 2397 1475 2482 populi
1497 2395 1583 2462 leete²

466 2566 471 2577 ,
548 2502 784 2580 consentiebat,
818 2526 933 2569 verum
965 2504 1066 2570 etiam
1099 2503 1262 2590 singulare
1299 2509 1464 2568 certamen
1501 2504 1583 2569 ultro

547 2605 687 2690 expetiit
708 2629 729 2669 a
752 2605 913 2683 Crotone,
936 2627 1080 2671 asserem
1102 2627 1255 2693 magnam
1278 2605 1428 2670 utrilibet
1458 2606 1583 2670 laudem

544 2707 699 2786 futuram,
732 2709 790 2795 qui
827 2731 885 2774 suo
922 2708 1127 2796 potissimum
1165 2709 1307 2795 periculo
1341 2709 1411 2773 sine
1444 2709 1584 2773 fidelium

544 2835 677 2879 suorum
700 2815 870 2902 dispendio
891 2819 1024 2880 tantum
1046 2815 1285 2880 nancisceretur
1306 2836 1454 2903 regnum.
1511 2815 1584 2896 Qui-

544 2918 605 2983 bus
629 2918 776 2984 Onutoui
807 2918 1006 2983 renuntiatis
1032 2941 1091 3005 per
1112 2917 1343 2998 internuntios,
1366 2918 1428 2983 hoc
1460 2941 1584 3005 prorsus

543 3021 690 3086 abnuens
711 3021 888 3108 respondit,
913 3043 947 3085 se
969 3021 1080 3086 animo
1103 3020 1268 3100 excellere,
1293 3021 1350 3086 sed
1381 3026 1499 3085 contra
1521 3028 1583 3086 tam

543 3124 688 3211 ingentis
710 3123 806 3189 molis
827 3124 991 3188 hominem
1009 3124 1197 3210 corpusculo
1220 3122 1375 3188 diffidere.
1423 3124 1490 3189 Sed
1513 3124 1584 3210 quia

543 3227 714 3293 amborum
738 3231 848 3313 patres
869 3232 1049 3291 tenuerunt
1075 3248 1211 3313 regnum
1234 3232 1269 3291 et
1293 3226 1364 3291 iure
1391 3226 1584 3293 hereditario

415 3362 433 3395 u
543 3336 681 3416 uterque
695 3329 851 3416 Angliam
873 3328 1077 3416 efflagitaret,
1093 3330 1266 3394 convenire
1288 3328 1476 3415 prudentiae
1499 3352 1583 3394 man·

393 3480 428 3529 ivi
447 3496 461 3517 ο
544 3433 648 3511 davit,
670 3437 711 3497 ut
732 3432 999 3497 animositatibus
1029 3432 1185 3519 depositis
1207 3432 1364 3517 Angliem
1389 3434 1582 3517 partiantur.

400 3614 406 3625 ·
433 3516 460 3597 ῑυ
544 3534 627 3600 Haeo
656 3534 829 3600 mandavit
852 3532 973 3611 cnuto,
1000 3534 1117 3599 videns
1150 3535 1329 3599 exercitum
1359 3556 1456 3599 suum
1492 3535 1584 3599 nimis

487 3642 499 3653 “
542 3636 711 3701 debilitari
747 3643 782 3701 et
819 3636 929 3700 minus
966 3636 1110 3701 sufficere
1149 3636 1192 3701 ad
1228 3634 1453 3723 pugnandum.
1524 3636 1583 3701 His

541 3738 645 3826 igitur
678 3740 721 3803 ad
752 3738 964 3803 Edmundum
998 3761 1107 3826 regem
1141 3762 1182 3804 ex
1216 3744 1308 3826 parte
1332 3737 1498 3803 Cnutonis
1532 3761 1585 3826 por

494 3856 501 3881 ’
541 3842 763 3907 internuntios
791 3840 957 3928 delegatis,
990 3841 1187 3907 Edmundus
1210 3864 1269 3907 rex
1301 3840 1406 3906 fertur
1439 3841 1485 3906 ad
1519 3842 1585 3908 haec

540 3945 607 4010 tale
644 3944 769 4010 dedisse
802 3965 1013 4031 responsum:
1047 3943 1117 4009 “Si
1154 3943 1286 4029 quidem
1324 3964 1382 4030 pro
1423 3965 1464 4008 eo
1503 3944 1585 4030 quod

539 4053 649 4135 patres
670 4047 723 4112 tui
745 4046 921 4131 aliquando
937 4046 1080 4131 aliquam
1095 4052 1191 4111 terree
1214 4052 1339 4132 partem
1362 4046 1583 4131 possedeant,

538 4172 676 4238 regnum
706 4150 772 4215 tibi
805 4148 903 4236 [iure]
934 4149 1130 4214 hereditario
1162 4148 1397 4230 vendicaveris,
1433 4148 1584 4214 omnibus

539 4254 673 4341 quidem
695 4258 813 4318 notum
836 4257 886 4317 est
917 4252 1082 4318 invasoria
1103 4256 1138 4317 te
1171 4251 1292 4338 agitari
1323 4272 1432 4330 causa,
1455 4256 1490 4317 et
1521 4274 1584 4317 non

538 4356 755 4442 possessoria3
789 4376 828 4420 eo
859 4354 948 4439 quod
978 4353 1170 4439 praedonum
1192 4374 1281 4417 more
1309 4352 1415 4438 magis
1447 4374 1583 4441 regnum

539 4456 821 4545 depopulaverint,
833 4478 933 4543 quam
955 4455 1025 4520 iure
1047 4454 1182 4542 regendi
1204 4454 1480 4521 conservaverint.
1516 4456 1586 4520 Nec

537 4561 658 4625 mirum
681 4558 832 4646 quidem:
864 4557 1075 4643 paganissimi
1096 4556 1185 4623 enim
1207 4578 1280 4622 cum
1303 4561 1413 4621 essent
1442 4562 1478 4621 et
1511 4556 1585 4623 bar·

619 4871 772 4939 'wll
790 4871 989 4939 impersurus,
1142 4870 1233 4938 ἰαιι]
1252 4872 1307 4931 nte,
1324 4870 1380 4923 MS.
