3567 5800
432 900 479 949 nn
501 898 626 949 ersus·
641 896 764 947 asson
785 896 985 947 anon-111.
1010 884 1061 959 18,
1089 886 1138 949 19.
1260 882 1304 945 89

249 1072 457 1160 temporibus
482 1071 592 1159 augeli
624 1069 849 1158 praedicarent
905 1068 1167 1156 statueruntque
1197 1069 1306 1157 ipsum

249 1197 363 1262 regem
400 1194 500 1261 super
537 1194 651 1239 omues
688 1171 875 1260 provincias
912 1172 954 1237 ab
990 1172 1153 1239 Humbrae
1185 1194 1306 1260 magno

249 1276 390 1343 flumine
426 1298 533 1363 usque
569 1276 614 1341 ad
649 1274 777 1341 flumen
813 1274 1027 1354 Thamisium,
1066 1296 1132 1361 quo
1168 1274 1306 1341 flumine

249 1379 424 1445 amborum
442 1375 562 1464 regna¹
579 1376 623 1443 ab
637 1376 780 1443 invioem
794 1376 1042 1443 dirimebantur.
1089 1376 1146 1443 Ite
1157 1398 1304 1464 regnum,

249 1481 339 1567 quod
359 1502 467 1545 unum
488 1480 607 1557 fuerat,
630 1477 720 1545 inter
742 1479 826 1545 duos
857 1500 951 1567 reges
974 1480 1118 1547 divisum
1148 1479 1306 1567 gravibus

248 1583 489 1670 aliquantisper
525 1580 734 1648 conflictibus
770 1580 934 1647 bellorum
979 1582 1131 1663 sudabat,
1169 1581 1306 1669 impleta

249 1693 332 1753 tune
368 1684 517 1751 veridiea
553 1684 613 1749 illa
650 1683 835 1749 Salvatoris
872 1685 1046 1761 sententia
1086 1684 1166 1771 quia
1210 1706 1307 1757 omne

249 1810 390 1875 reguum
411 1788 449 1852 in
471 1808 507 1853 se
539 1786 650 1873 ipsum
683 1785 829 1853 divisum
863 1788 983 1853 asserit
1013 1784 1249 1854 destruendum
1271 1791 1307 1852 et

249 1891 386 1957 domum
416 1909 518 1975 supra
551 1886 686 1953 domum
721 1908 791 1953 esse
821 1908 981 1953 casuram.
1041 1888 1194 1975 Edgarus
1226 1909 1306 1954 vero

249 1992 371 2060 cotidie
393 1996 466 2057 erat
487 1989 661 2077 proficiens
682 1994 723 2055 ut
745 1989 866 2077 Davyd
891 1990 1017 2078 pietate
1040 2012 1078 2057 ae
1101 1990 1304 2069 fortitudine,

250 2100 353 2181 atque
384 2097 425 2158 ut
456 2091 615 2158 Salomon
641 2092 805 2180 sapientia
837 2092 965 2159 divitiis
987 2099 1022 2160 et
1043 2094 1166 2182 gloriae
1190 2093 1306 2160 domus

250 2204 364 2265 autem
387 2194 522 2260 Edwini
555 2193 664 2260 indies
697 2194 989 2276 deuteroseon
1021 2196 1091 2285 ipse
1112 2196 1149 2263 in
1170 2196 1306 2285 dagItiis

250 2321 393 2369 creseere
415 2320 483 2365 non
505 2296 679 2365 desineret.

668 2616 771 2685 OAP.
803 2616 898 2685 XIX.

547 2806 1014 2896 namnetensem.
1316 2756 1476 2941 {ff

508 2999 552 3015 ..
662 3000 669 3015 ι
813 3002 820 3017 ι
961 3003 969 3018 ,
1119 3003 1126 3018 ,
1316 2955 1456 3010 ausae.

296 3001 403 3066 Auro
418 2999 555 3066 Dommr
592 3006 878 3089 uomngentesrmo
912 3025 1184 3090 qumquageslmo
1216 3025 1399 3098 mmmmm
1411 3049 1442 3098 or

247 3125 311 3168 rex
331 3102 505 3182 Edwinus,
529 3107 705 3190 postquam
727 3106 824 3170 annis
838 3110 997 3192 quattuor
1019 3104 1193 3172 libidinose
1207 3107 1305 3172 simul
1317 3114 1408 3164 Edviu

250 3211 287 3270 et
308 3205 482 3290 tyrannice
514 3227 654 3292 regnum
681 3205 893 3292 depressisset
914 3207 1106 3297 Anglorum,
1130 3209 1218 3273 iusto
1242 3209 1306 3274 Dei
1318 3181 1448 3247 (musy)

249 3306 374 3372 iudicio
396 3312 448 3374 est
469 3306 652 3386 defunctu,
668 3314 703 3376 et
724 3309 917 3397 Wyntoniae
939 3310 976 3375 in
997 3331 1084 3376 novo
1106 3310 1306 3376 monasterio

249 3410 453 3498 sepulturam
475 3411 609 3498 aoeepit

251 3698 508 3766 carausius.
589 3700 689 3786 Quod
734 3701 849 3770 beatem
893 3702 1106 3772 Damtaose
1144 3704 1306 3774 sammon
1318 3705 1476 3826 ffisspg·

319 3800 411 3887 repis
446 3799 594 3870 Edaor'ato‘
634 3803 834 3893 sopradicti
866 3827 891 3874 a
916 3805 1032 3894 pmais
1064 3807 1399 3896 infernalibusmss¹
1414 3841 1475 3893 Mai.

322 3901 526 3972 liberaverit.
1315 3904 1420 3958 iusso.

299 4091 460 4172 Moawo,
478 4098 517 4158 ut
539 4091 694 4174 diximus,
710 4091 905 4181 impiissimo
927 4117 1005 4184 rege
1028 4097 1178 4178 Edwino‚
1203 4105 1304 4186 atque
1318 4115 1445 4170 Heisre·

251 4196 290 4260 in
312 4199 436 4260 sortem
458 4196 680 4282 malignorum
701 4196 881 4283 spirituum
913 4199 1083 4276 translato,
1109 4201 1305 4267 Dunstanus
1317 4183 1477 4304 madi?

250 4300 289 4364 in
323 4297 457 4364 eeclesia
491 4297 643 4364 Deividis
672 4298 946 4368 meditationibus
977 4301 1190 4382 inserviebat,
1220 4305 1305 4368 nihil
1318 4315 1455 4370 Dumana

251 4401 360 4466 sciens
381 4401 462 4485 quid
484 4401 527 4466 de
556 4423 635 4489 rege
667 4400 809 4469 Edwino
843 4409 955 4468 aetum
988 4403 1112 4470 fuisset
1166 4405 1213 4472 Et
1235 4428 1306 4473 ecoe
1319 4383 1436 4500 {ssffl'

250 4507 399 4570 tartarea
413 4503 528 4569 cohors
541 4503 604 4570 sub
620 4504 690 4570 eius
705 4510 838 4592 aspectu
860 4505 1042 4572 exultando
1064 4509 1159 4594 quasi
1172 4509 1308 4576 eborum

255 4705 329 4712 —··
952 4707 967 4714 ο
993 4709 1004 4714 -
1030 4709 1301 4724 *Qu-m.-

607 4813 613 4842 ¹
626 4813 717 4879 repes]
729 4829 844 4880 regnum,
853 4815 910 4868 us,
