3567 5800
537 853 600 915 124
793 866 859 917 rur.
882 868 931 917 nn
953 868 1088 917 cmnuc.
1113 868 1203 920 sanc.
1225 870 1312 921 msr.

533 1058 636 1123 situm
666 1058 805 1124 accidit:
837 1058 919 1124 vieae
949 1057 1037 1123 enim
1071 1058 1153 1124 adeo
1186 1060 1222 1123 in
1255 1059 1403 1125 mulieris
1436 1083 1575 1126 amorem

534 1162 683 1248 Edgarus
715 1161 841 1239 inarsit,
876 1166 917 1225 ut
949 1160 1156 1227 dissimulato
1187 1160 1263 1227 odio
1294 1162 1446 1229 comitem
1477 1164 1574 1229 Adel·

533 1264 679 1329 wcldum
700 1264 737 1327 in
759 1264 877 1329 silvam
900 1262 1093 1329 Warewelle
1125 1264 1236 1351 gratia
1263 1264 1409 1330 venandi
1438 1267 1573 1333 accitum

532 1366 638 1433 iaculo
684 1367 845 1432 traiceret
926 1365 997 1433 Ubi
1047 1387 1123 1431 cum
1167 1367 1256 1433 filius
1300 1368 1433 1435 comitis
1485 1370 1575 1436 occisi

531 1470 655 1535 nothus
685 1470 840 1535 familiari
871 1490 934 1535 usu
964 1470 1214 1555 supervenisset,
1239 1475 1274 1535 et
1295 1492 1317 1535 a
1338 1492 1415 1558 rege
1441 1472 1573 1537 interro-

531 1578 629 1660 gatus
651 1576 745 1653 esset,
767 1572 911 1659 qualiter
942 1572 972 1637 ei
1001 1570 1078 1637 talis
1101 1572 1234 1637 venatio
1267 1572 1420 1659 placeret,
1449 1596 1575 1661 respon·

532 1676 618 1741 disse
646 1675 766 1740 fertur:
812 1674 943 1753 “Bene,
968 1672 1100 1740 domiue
1133 1696 1213 1755 rex3
1247 1674 1335 1761 quod
1366 1675 1434 1741 tibi
1464 1676 1572 1763 placet,

531 1778 614 1842 mihi
635 1776 805 1865 displicere
825 1797 894 1841 non
917 1773 1046 1841 debet.”
1103 1775 1176 1857 Quo
1212 1775 1301 1842 dicto
1334 1776 1385 1842 ita
1418 1780 1572 1845 tumentis

531 1880 680 1946 animum
712 1879 935 1956 mansuefecit,
959 1882 1000 1944 ut
1024 1878 1107 1943 nihil
1130 1878 1237 1944 carius
1258 1880 1296 1943 in
1317 1881 1391 1945 vita
1412 1888 1489 1967 post
1509 1880 1571 1947 haar

530 2005 591 2048 rex
627 1982 764 2048 haberet
807 2003 907 2069 quarn
944 1982 1098 2046 iuvenem
1135 1982 1239 2063 illum,
1284 1984 1455 2069 tyrannici
1499 1984 1570 2050 faeti

530 2086 688 2151 offensam
718 2084 755 2148 in
786 2090 914 2170 patrem
948 2083 1126 2150 sedulitate
1163 2085 1256 2171 regia
1288 2085 1326 2149 in
1356 2084 1466 2151 lilium
1500 2086 1571 2152 alle·

530 2210 620 2253 vans
688 2186 741 2253 Ob
774 2186 863 2251 illius
908 2185 1037 2251 sceleris
1081 2185 1306 2273 expiationem
1342 2190 1571 2254 monasterium

529 2291 572 2357 ab
617 2288 745 2355 Elfrida
788 2288 988 2355 aedificatum
1045 2288 1332 2355 sanctimonalium
1393 2290 1569 2377 frequentia

529 2393 743 2459 inhabitatur.

931 2594 1183 2666 Ocurnruarro.

438 2742 445 2758 ’
575 2782 674 2849 nme
696 2781 845 2869 exempa
867 2780 1072 2847 murenam
1095 2779 1281 2867 adiungunt
1305 2780 1396 2846 anua
1421 2781 1568 2847 asima

529 2886 676 2974 Virginis
704 2885 873 2952 cuiusdam
900 2883 970 2950 Deo
996 2883 1114 2950 dicatae
1143 2884 1279 2950 audiens
1308 2883 1567 2972 pulcritudinem,

528 2991 688 3056 violenter
738 3010 810 3054 eam
862 3009 884 3052 a
927 2987 1126 3052 monasterio
1164 2985 1350 3067 abstmxit;
1400 2988 1568 3053 abstractas

360 3139 513 3204 Edem
527 3094 685 3182 pudorem
716 3091 837 3179 rapuit,
873 3094 907 3156 et
942 3111 1009 3154 non
1044 3089 1144 3154 semel
1180 3095 1253 3156 toro
1292 3111 1351 3154 suc
1391 3089 1568 3156 collocavit

357 3207 446 3257 renem
462 3213 517 3255 toa
499 3196 626 3278 aQuod
662 3217 737 3261 cum
773 3215 868 3259 aures
907 3192 998 3258 beati
1032 3191 1201 3257 Dunstani
1241 3191 1440 3274 offendisset,
1478 3192 1568 3257 vehe-

358 3288 474 3391 perages
526 3305 655 3365 menter
682 3297 724 3362 ab
752 3318 790 3363 eo
816 3297 1003 3381 increpatus
1029 3297 1219 3382 septennem
1250 3294 1480 3381 paenitentiam
1508 3317 1568 3360 non

358 3405 468 3472 retuso
468 3421 482 3456 r
526 3401 701 3480 fastidivit,
730 3399 884 3486 dignatus
909 3417 967 3462 rex
998 3395 1138 3483 affligi'
1128 3396 1254 3463 ieiunio
1276 3397 1441 3484 simulque
1467 3397 1569 3464 diade

356 3474 401 3552 tlte
411 3475 502 3524 abdue·
526 3508 615 3569 mate
636 3523 745 3568 omre
766 3499 945 3588 septem

394 3777 401 3790 ·
928 3753 1177 3820 Connuuarro.

356 3846 444 3897 Halm
456 3844 481 3896 ii

357 3918 442 3988 §¹⁵⁹
571 3947 767 4013 Suulcluu'r
781 3941 953 4020 tertiums
944 3964 980 4006 ιιι
999 3963 1065 4028 quo
1079 3945 1258 4028 utrumque
1272 3948 1430 4028 appareat
1445 3942 1567 4008 vitium

357 3996 463 4116 {ills
526 4051 609 4130 Rex,
641 4047 806 4132 inquiunt,
837 4045 987 4131 Edgarus
1022 4043 1159 4109 veniens
1186 4043 1407 4125 Andeveram,
1437 4045 1494 4130 qui
1523 4049 1568 4108 est

525 4154 617 4218 vicus
650 4172 718 4215 non
747 4149 843 4236 longe
872 4169 894 4211 a
921 4147 1110 4233 Wyntonia,
1141 4146 1310 4211 cuiusdam
1341 4147 1433 4213 ducis
1460 4147 1566 4223 filiun,

524 4255 617 4322 cuius
658 4252 772 4318 formae
826 4249 916 4315 fama
956 4248 1210 4335 percrebruerat,
1251 4248 1371 4314 adduci
1412 4249 1567 4336 praecepit

530 4359 635 4422 Mater
669 4353 795 4441 puellae,
822 4373 896 4439 quaa
936 4351 1190 4418 concubinatum
1220 4349 1299 4418 filia
1328 4350 1565 4439 dedignaretur,

524 4457 678 4524 ancillam
712 4455 830 4520 adiuta
862 4453 969 4519 noctis
1000 4452 1147 4518 tenebris
1180 4452 1282 4518 cubili
1312 4453 1473 4542 apposuit,
1503 4451 1567 4518 vir-

524 4563 635 4648 ginem
690 4578 768 4623 sane
812 4578 873 4622 nec
918 4577 985 4621 non
1039 4556 1222 4643 elegantem
1278 4578 1339 4622 nec
1394 4555 1566 4642 illepidam

524 4662 668 4729 Evoluta
704 4665 800 4726 nocte
841 4681 916 4725 cum
954 4659 1084 4724 Aurora
1122 4659 1158 4724 in
1194 4658 1300 4725 lucem
1337 4651 1565 4747 prorumperet,

524 4765 642 4831 mulier
671 4768 790 4830 conata
819 4783 959 4849 surgere,
982 4762 1249 4849 interrogataque
1279 4761 1360 4848 quid
1390 4761 1563 4838 festinaret,
