<?xml version="1.0" encoding="UTF-8"?>
<!DOCTYPE html PUBLIC "-//W3C//DTD XHTML 1.0 Transitional//EN"
    "http://www.w3.org/TR/xhtml1/DTD/xhtml1-transitional.dtd">
<html xmlns="http://www.w3.org/1999/xhtml" xml:lang="en" lang="en">
 <head>
  <title>
</title>
<meta http-equiv="Content-Type" content="text/html;charset=utf-8" />
  <meta name='ocr-system' content='tesseract 3.04.00' />
  <meta name='ocr-capabilities' content='ocr_page ocr_carea ocr_par ocr_line ocrx_word'/>
</head>
<body>
  <div class='ocr_page' id='page_1' title='image "./speculumhistori00mayogoog_0433.png"; bbox 0 0 3567 5800; ppageno 0'>
   <div class='ocr_carea' id='block_1_1' title="bbox 511 852 1289 914">
    <p class='ocr_par' dir='ltr' id='par_1_1' title="bbox 511 852 1289 914">
     <span class='ocr_line' id='line_1_1' title="bbox 511 852 1289 914; baseline -0.004 0"><span class='ocrx_word' id='word_1_1' title='bbox 511 852 577 914; x_wconf 77' lang='lat'><strong>250</strong></span> <span class='ocrx_word' id='word_1_2' title='bbox 777 864 842 911; x_wconf 81' lang='lat' dir='ltr'><strong>rue.</strong></span> <span class='ocrx_word' id='word_1_3' title='bbox 867 862 914 911; x_wconf 82' lang='lat' dir='ltr'><strong>on</strong></span> <span class='ocrx_word' id='word_1_4' title='bbox 939 862 1070 911; x_wconf 79' lang='lat' dir='ltr'><strong>emese</strong></span> <span class='ocrx_word' id='word_1_5' title='bbox 1093 860 1180 911; x_wconf 76' lang='lat' dir='ltr'><strong>senc</strong></span> <span class='ocrx_word' id='word_1_6' title='bbox 1203 862 1289 913; x_wconf 72' lang='lat' dir='ltr'><strong>msc</strong></span> 
     </span>
    </p>
   </div>
   <div class='ocr_carea' id='block_1_2' title="bbox 478 1050 1559 3300">
    <p class='ocr_par' dir='ltr' id='par_1_2' title="bbox 478 1050 1559 3300">
     <span class='ocr_line' id='line_1_2' title="bbox 478 1050 1558 1137; baseline 0 -23"><span class='ocrx_word' id='word_1_7' title='bbox 478 1092 483 1101; x_wconf 89' lang='lat'><em>·</em></span> <span class='ocrx_word' id='word_1_8' title='bbox 509 1050 612 1129; x_wconf 79' lang='lat' dir='ltr'><strong>medo,</strong></span> <span class='ocrx_word' id='word_1_9' title='bbox 652 1052 796 1131; x_wconf 72' lang='lat' dir='ltr'><strong>fnestra3</strong></span> <span class='ocrx_word' id='word_1_10' title='bbox 849 1052 938 1137; x_wconf 83' lang='lat' dir='ltr'><strong>quio,</strong></span> <span class='ocrx_word' id='word_1_11' title='bbox 983 1052 1046 1117; x_wconf 81' lang='lat' dir='ltr'><strong>etsi</strong></span> <span class='ocrx_word' id='word_1_12' title='bbox 1084 1052 1239 1118; x_wconf 74' lang='lat' dir='ltr'><strong>navicula</strong></span> <span class='ocrx_word' id='word_1_13' title='bbox 1275 1050 1368 1117; x_wconf 90' lang='lat' dir='ltr'><strong>Petri</strong></span> <span class='ocrx_word' id='word_1_14' title='bbox 1404 1052 1558 1116; x_wconf 83' lang='lat' dir='ltr'><strong>fluctibus</strong></span> 
     </span>
     <span class='ocr_line' id='line_1_3' title="bbox 508 1153 1557 1242; baseline -0.001 -24"><span class='ocrx_word' id='word_1_15' title='bbox 508 1154 706 1240; x_wconf 74' lang='lat' dir='ltr'><strong>quandoque</strong></span> <span class='ocrx_word' id='word_1_16' title='bbox 739 1153 904 1235; x_wconf 80' lang='lat' dir='ltr'><strong>turbetur,</strong></span> <span class='ocrx_word' id='word_1_17' title='bbox 936 1160 1049 1219; x_wconf 82' lang='lat' dir='ltr'><strong>tumen</strong></span> <span class='ocrx_word' id='word_1_18' title='bbox 1082 1178 1150 1220; x_wconf 91' lang='lat' dir='ltr'><strong>non</strong></span> <span class='ocrx_word' id='word_1_19' title='bbox 1183 1159 1293 1242; x_wconf 90' lang='lat' dir='ltr'><strong>potest</strong></span> <span class='ocrx_word' id='word_1_20' title='bbox 1329 1156 1441 1241; x_wconf 81' lang='lat' dir='ltr'>mergi,</span> <span class='ocrx_word' id='word_1_21' title='bbox 1476 1153 1557 1239; x_wconf 79' lang='lat' dir='ltr'><strong>quie</strong></span> 
     </span>
     <span class='ocr_line' id='line_1_4' title="bbox 508 1256 1558 1343; baseline 0.001 -23"><span class='ocrx_word' id='word_1_22' title='bbox 508 1256 671 1321; x_wconf 85' lang='lat' dir='ltr'><strong>Dominus</strong></span> <span class='ocrx_word' id='word_1_23' title='bbox 702 1257 859 1343; x_wconf 88' lang='lat' dir='ltr'><strong>supponit</strong></span> <span class='ocrx_word' id='word_1_24' title='bbox 894 1278 1040 1322; x_wconf 85' lang='lat' dir='ltr'><strong>monum.</strong></span> <span class='ocrx_word' id='word_1_25' title='bbox 1100 1256 1153 1322; x_wconf 82' lang='lat' dir='ltr'><strong>Ex</strong></span> <span class='ocrx_word' id='word_1_26' title='bbox 1184 1257 1277 1322; x_wconf 81' lang='lat' dir='ltr'><strong>fonte</strong></span> <span class='ocrx_word' id='word_1_27' title='bbox 1303 1258 1395 1321; x_wconf 90' lang='lat' dir='ltr'><strong>enim</strong></span> <span class='ocrx_word' id='word_1_28' title='bbox 1424 1257 1558 1343; x_wconf 70' lang='lat' dir='ltr'><strong>pietatis</strong></span> 
     </span>
     <span class='ocr_line' id='line_1_5' title="bbox 508 1358 1557 1447; baseline 0.001 -25"><span class='ocrx_word' id='word_1_29' title='bbox 508 1358 642 1424; x_wconf 81' lang='lat' dir='ltr'><strong>libertus</strong></span> <span class='ocrx_word' id='word_1_30' title='bbox 665 1358 724 1423; x_wconf 83' lang='lat' dir='ltr'><strong>ills</strong></span> <span class='ocrx_word' id='word_1_31' title='bbox 744 1359 923 1445; x_wconf 89' lang='lat' dir='ltr'><strong>prosiluit;</strong></span> <span class='ocrx_word' id='word_1_32' title='bbox 944 1364 984 1426; x_wconf 92' lang='lat' dir='ltr'><strong>ut</strong></span> <span class='ocrx_word' id='word_1_33' title='bbox 1005 1360 1162 1426; x_wconf 82' lang='lat' dir='ltr'><strong>videlicet</strong></span> <span class='ocrx_word' id='word_1_34' title='bbox 1182 1381 1242 1447; x_wconf 92' lang='lat' dir='ltr'><strong>pro</strong></span> <span class='ocrx_word' id='word_1_35' title='bbox 1264 1380 1458 1446; x_wconf 89' lang='lat' dir='ltr'><strong>quocunque</strong></span> <span class='ocrx_word' id='word_1_36' title='bbox 1478 1358 1557 1423; x_wconf 80' lang='lat' dir='ltr'><strong>laci-</strong></span> 
     </span>
     <span class='ocr_line' id='line_1_6' title="bbox 501 1466 1558 1553; baseline -0.001 -23"><span class='ocrx_word' id='word_1_37' title='bbox 501 1488 586 1531; x_wconf 80' lang='lat' dir='ltr'><strong>nore</strong></span> <span class='ocrx_word' id='word_1_38' title='bbox 608 1467 792 1553; x_wconf 89' lang='lat' dir='ltr'><strong>quicunque</strong></span> <span class='ocrx_word' id='word_1_39' title='bbox 813 1467 972 1547; x_wconf 86' lang='lat' dir='ltr'><strong>irretitus,</strong></span> <span class='ocrx_word' id='word_1_40' title='bbox 1003 1468 1052 1532; x_wconf 82' lang='lat' dir='ltr'><strong>its</strong></span> <span class='ocrx_word' id='word_1_41' title='bbox 1073 1472 1114 1532; x_wconf 88' lang='lat' dir='ltr'><strong>ut</strong></span> <span class='ocrx_word' id='word_1_42' title='bbox 1144 1468 1244 1532; x_wconf 80' lang='lat' dir='ltr'><strong>etiam</strong></span> <span class='ocrx_word' id='word_1_43' title='bbox 1273 1488 1348 1532; x_wconf 82' lang='lat' dir='ltr'><strong>reus</strong></span> <span class='ocrx_word' id='word_1_44' title='bbox 1378 1466 1558 1532; x_wconf 69' lang='lat' dir='ltr'><strong>maiestatis</strong></span> 
     </span>
     <span class='ocr_line' id='line_1_7' title="bbox 507 1568 1557 1656; baseline 0.002 -25"><span class='ocrx_word' id='word_1_45' title='bbox 507 1568 607 1654; x_wconf 84' lang='lat' dir='ltr'><strong>regiae</strong></span> <span class='ocrx_word' id='word_1_46' title='bbox 621 1570 781 1647; x_wconf 87' lang='lat' dir='ltr'><strong>extiterit,</strong></span> <span class='ocrx_word' id='word_1_47' title='bbox 807 1571 919 1655; x_wconf 84' lang='lat' dir='ltr'><strong>(prout</strong></span> <span class='ocrx_word' id='word_1_48' title='bbox 940 1570 978 1633; x_wconf 90' lang='lat' dir='ltr'><strong>in</strong></span> <span class='ocrx_word' id='word_1_49' title='bbox 999 1570 1065 1635; x_wconf 78' lang='lat' dir='ltr'><strong>slis</strong></span> <span class='ocrx_word' id='word_1_50' title='bbox 1086 1569 1337 1645; x_wconf 75' lang='lat' dir='ltr'><strong>oertoeiusdem</strong></span> <span class='ocrx_word' id='word_1_51' title='bbox 1358 1570 1445 1656; x_wconf 88' lang='lat' dir='ltr'><strong>regis</strong></span> <span class='ocrx_word' id='word_1_52' title='bbox 1466 1568 1557 1634; x_wconf 88' lang='lat' dir='ltr'><strong>cuius</strong></span> 
     </span>
     <span class='ocr_line' id='line_1_8' title="bbox 508 1670 1557 1759; baseline -0.002 -23"><span class='ocrx_word' id='word_1_53' title='bbox 508 1676 635 1757; x_wconf 83' lang='lat' dir='ltr'><strong>perlem</strong></span> <span class='ocrx_word' id='word_1_54' title='bbox 651 1672 800 1758; x_wconf 86' lang='lat' dir='ltr'><strong>superius</strong></span> <span class='ocrx_word' id='word_1_55' title='bbox 822 1673 859 1737; x_wconf 93' lang='lat' dir='ltr'><strong>in</strong></span> <span class='ocrx_word' id='word_1_56' title='bbox 880 1672 1035 1759; x_wconf 70' lang='lat' dir='ltr'><strong>proesenti</strong></span> <span class='ocrx_word' id='word_1_57' title='bbox 1048 1672 1189 1738; x_wconf 80' lang='lat' dir='ltr'><strong>historie</strong></span> <span class='ocrx_word' id='word_1_58' title='bbox 1209 1670 1443 1759; x_wconf 81' lang='lat' dir='ltr'><strong>apposuimus),</strong></span> <span class='ocrx_word' id='word_1_59' title='bbox 1467 1671 1557 1756; x_wconf 88' lang='lat' dir='ltr'><strong>[con-</strong></span> 
     </span>
     <span class='ocr_line' id='line_1_9' title="bbox 509 1774 1558 1861; baseline 0.002 -24"><span class='ocrx_word' id='word_1_60' title='bbox 509 1774 646 1861; x_wconf 85' lang='lat' dir='ltr'><strong>fugerit]</strong></span> <span class='ocrx_word' id='word_1_61' title='bbox 678 1775 721 1839; x_wconf 80' lang='lat' dir='ltr'><strong>sd</strong></span> <span class='ocrx_word' id='word_1_62' title='bbox 752 1774 878 1840; x_wconf 89' lang='lat' dir='ltr'><strong>dictum</strong></span> <span class='ocrx_word' id='word_1_63' title='bbox 908 1775 1017 1840; x_wconf 90' lang='lat' dir='ltr'><strong>locum</strong></span> <span class='ocrx_word' id='word_1_64' title='bbox 1050 1797 1149 1861; x_wconf 90' lang='lat' dir='ltr'><strong>quem</strong></span> <span class='ocrx_word' id='word_1_65' title='bbox 1182 1774 1243 1839; x_wconf 92' lang='lat' dir='ltr'><strong>sub</strong></span> <span class='ocrx_word' id='word_1_66' title='bbox 1274 1774 1408 1840; x_wconf 89' lang='lat' dir='ltr'><strong>nomine</strong></span> <span class='ocrx_word' id='word_1_67' title='bbox 1436 1778 1558 1839; x_wconf 79' lang='lat' dir='ltr'><strong>ssnelae</strong></span> 
     </span>
     <span class='ocr_line' id='line_1_10' title="bbox 510 1877 1559 1965; baseline -0.003 -22"><span class='ocrx_word' id='word_1_68' title='bbox 510 1877 714 1963; x_wconf 81' lang='lat' dir='ltr'><strong>paenitentiae</strong></span> <span class='ocrx_word' id='word_1_69' title='bbox 735 1882 921 1965; x_wconf 72' lang='lat' dir='ltr'>susceperat</span> <span class='ocrx_word' id='word_1_70' title='bbox 942 1878 1191 1959; x_wconf 81' lang='lat' dir='ltr'><strong>meliorandum,</strong></span> <span class='ocrx_word' id='word_1_71' title='bbox 1221 1877 1269 1943; x_wconf 91' lang='lat' dir='ltr'><strong>rei</strong></span> <span class='ocrx_word' id='word_1_72' title='bbox 1298 1898 1359 1963; x_wconf 93' lang='lat' dir='ltr'><strong>pro</strong></span> <span class='ocrx_word' id='word_1_73' title='bbox 1386 1898 1452 1961; x_wconf 84' lang='lat' dir='ltr'><strong>que</strong></span> <span class='ocrx_word' id='word_1_74' title='bbox 1474 1877 1559 1941; x_wconf 85' lang='lat' dir='ltr'><strong>exti-</strong></span> 
     </span>
     <span class='ocr_line' id='line_1_11' title="bbox 509 1978 1557 2067; baseline -0.001 -23"><span class='ocrx_word' id='word_1_75' title='bbox 509 1980 589 2044; x_wconf 90' lang='lat' dir='ltr'><strong>terit</strong></span> <span class='ocrx_word' id='word_1_76' title='bbox 610 1979 779 2066; x_wconf 88' lang='lat' dir='ltr'><strong>impetitus</strong></span> <span class='ocrx_word' id='word_1_77' title='bbox 802 1986 836 2046; x_wconf 89' lang='lat' dir='ltr'><strong>et</strong></span> <span class='ocrx_word' id='word_1_78' title='bbox 858 1981 1081 2047; x_wconf 88' lang='lat' dir='ltr'><strong>membrorum</strong></span> <span class='ocrx_word' id='word_1_79' title='bbox 1101 1981 1333 2067; x_wconf 74' lang='lat' dir='ltr'><strong>impunitatem</strong></span> <span class='ocrx_word' id='word_1_80' title='bbox 1366 1978 1557 2044; x_wconf 82' lang='lat' dir='ltr'><strong>immunito·</strong></span> 
     </span>
     <span class='ocr_line' id='line_1_12' title="bbox 511 2081 1556 2170; baseline -0.001 -23"><span class='ocrx_word' id='word_1_81' title='bbox 511 2088 642 2169; x_wconf 90' lang='lat' dir='ltr'><strong>temque</strong></span> <span class='ocrx_word' id='word_1_82' title='bbox 672 2104 710 2147; x_wconf 82' lang='lat' dir='ltr'><strong>oc</strong></span> <span class='ocrx_word' id='word_1_83' title='bbox 743 2084 874 2170; x_wconf 79' lang='lat' dir='ltr'><strong>plenam</strong></span> <span class='ocrx_word' id='word_1_84' title='bbox 907 2083 1095 2150; x_wconf 80' lang='lat' dir='ltr'><strong>libertatem</strong></span> <span class='ocrx_word' id='word_1_85' title='bbox 1128 2087 1386 2169; x_wconf 71' lang='lat' dir='ltr'><strong>consequeretur.</strong></span> <span class='ocrx_word' id='word_1_86' title='bbox 1433 2081 1556 2161; x_wconf 77' lang='lat' dir='ltr'><strong>Quinto</strong></span> 
     </span>
     <span class='ocr_line' id='line_1_13' title="bbox 511 2184 1556 2273; baseline -0.001 -24"><span class='ocrx_word' id='word_1_87' title='bbox 511 2186 598 2271; x_wconf 87' lang='lat' dir='ltr'><strong>quod</strong></span> <span class='ocrx_word' id='word_1_88' title='bbox 620 2206 706 2271; x_wconf 80' lang='lat' dir='ltr'><strong>pepe</strong></span> <span class='ocrx_word' id='word_1_89' title='bbox 728 2186 874 2252; x_wconf 84' lang='lat' dir='ltr'><strong>decrevit</strong></span> <span class='ocrx_word' id='word_1_90' title='bbox 895 2186 986 2273; x_wconf 88' lang='lat' dir='ltr'><strong>quod</strong></span> <span class='ocrx_word' id='word_1_91' title='bbox 1006 2186 1097 2252; x_wconf 92' lang='lat' dir='ltr'><strong>idem</strong></span> <span class='ocrx_word' id='word_1_92' title='bbox 1118 2187 1217 2266; x_wconf 87' lang='lat' dir='ltr'><strong>locus,</strong></span> <span class='ocrx_word' id='word_1_93' title='bbox 1247 2185 1405 2251; x_wconf 86' lang='lat' dir='ltr'><strong>videlicet</strong></span> <span class='ocrx_word' id='word_1_94' title='bbox 1426 2184 1556 2250; x_wconf 84' lang='lat' dir='ltr'><strong>ecclesis</strong></span> 
     </span>
     <span class='ocr_line' id='line_1_14' title="bbox 512 2287 1559 2376; baseline -0.002 -23"><span class='ocrx_word' id='word_1_95' title='bbox 512 2288 601 2353; x_wconf 83' lang='lat' dir='ltr'><strong>beati</strong></span> <span class='ocrx_word' id='word_1_96' title='bbox 640 2287 732 2353; x_wconf 90' lang='lat' dir='ltr'><strong>Petri</strong></span> <span class='ocrx_word' id='word_1_97' title='bbox 770 2288 1061 2367; x_wconf 71' lang='lat' dir='ltr'><strong>Westmonesterii</strong></span> <span class='ocrx_word' id='word_1_98' title='bbox 1109 2289 1209 2376; x_wconf 84' lang='lat' dir='ltr'><strong>regiae</strong></span> <span class='ocrx_word' id='word_1_99' title='bbox 1245 2287 1490 2354; x_wconf 71' lang='lat' dir='ltr'><strong>constitutionis</strong></span> <span class='ocrx_word' id='word_1_100' title='bbox 1525 2291 1559 2351; x_wconf 86' lang='lat' dir='ltr'><strong>et</strong></span> 
     </span>
     <span class='ocr_line' id='line_1_15' title="bbox 510 2388 1556 2479; baseline 0 -24"><span class='ocrx_word' id='word_1_101' title='bbox 510 2388 761 2455; x_wconf 82' lang='lat' dir='ltr'><strong>consecrationis</strong></span> <span class='ocrx_word' id='word_1_102' title='bbox 791 2391 828 2455; x_wconf 92' lang='lat' dir='ltr'><strong>in</strong></span> <span class='ocrx_word' id='word_1_103' title='bbox 860 2396 1056 2479; x_wconf 89' lang='lat' dir='ltr'><strong>perpetuum</strong></span> <span class='ocrx_word' id='word_1_104' title='bbox 1078 2392 1167 2457; x_wconf 83' lang='lat' dir='ltr'><strong>locus</strong></span> <span class='ocrx_word' id='word_1_105' title='bbox 1201 2391 1245 2457; x_wconf 91' lang='lat' dir='ltr'><strong>sit</strong></span> <span class='ocrx_word' id='word_1_106' title='bbox 1266 2396 1369 2476; x_wconf 88' lang='lat' dir='ltr'><strong>etque</strong></span> <span class='ocrx_word' id='word_1_107' title='bbox 1401 2392 1556 2477; x_wconf 75' lang='lat' dir='ltr'><strong>reposito</strong></span> 
     </span>
     <span class='ocr_line' id='line_1_16' title="bbox 510 2492 1555 2581; baseline 0 -25"><span class='ocrx_word' id='word_1_108' title='bbox 510 2493 596 2556; x_wconf 90' lang='lat' dir='ltr'><strong>rium</strong></span> <span class='ocrx_word' id='word_1_109' title='bbox 630 2492 789 2579; x_wconf 70' lang='lat' dir='ltr'><strong>regalium</strong></span> <span class='ocrx_word' id='word_1_110' title='bbox 811 2494 991 2581; x_wconf 81' lang='lat' dir='ltr'><strong>insignium</strong></span> <span class='ocrx_word' id='word_1_111' title='bbox 1014 2500 1049 2560; x_wconf 91' lang='lat' dir='ltr'><strong>et</strong></span> <span class='ocrx_word' id='word_1_112' title='bbox 1070 2494 1235 2560; x_wconf 76' lang='lat' dir='ltr'><strong>habitatio</strong></span> <span class='ocrx_word' id='word_1_113' title='bbox 1256 2498 1416 2581; x_wconf 84' lang='lat' dir='ltr'><strong>perpetue</strong></span> <span class='ocrx_word' id='word_1_114' title='bbox 1445 2514 1555 2557; x_wconf 86' lang='lat' dir='ltr'><strong>mons·</strong></span> 
     </span>
     <span class='ocr_line' id='line_1_17' title="bbox 511 2594 1556 2683; baseline 0 -24"><span class='ocrx_word' id='word_1_115' title='bbox 511 2595 654 2673; x_wconf 86' lang='lat' dir='ltr'><strong>chorum,</strong></span> <span class='ocrx_word' id='word_1_116' title='bbox 689 2598 724 2661; x_wconf 91' lang='lat' dir='ltr'><strong>et</strong></span> <span class='ocrx_word' id='word_1_117' title='bbox 747 2594 835 2681; x_wconf 90' lang='lat' dir='ltr'><strong>quod</strong></span> <span class='ocrx_word' id='word_1_118' title='bbox 856 2597 941 2662; x_wconf 92' lang='lat' dir='ltr'><strong>nulll</strong></span> <span class='ocrx_word' id='word_1_119' title='bbox 963 2598 1096 2662; x_wconf 91' lang='lat' dir='ltr'><strong>omnino</strong></span> <span class='ocrx_word' id='word_1_120' title='bbox 1128 2618 1274 2683; x_wconf 77' lang='lat' dir='ltr'><strong>personas</strong></span> <span class='ocrx_word' id='word_1_121' title='bbox 1295 2596 1362 2661; x_wconf 84' lang='lat' dir='ltr'><strong>nisi</strong></span> <span class='ocrx_word' id='word_1_122' title='bbox 1390 2595 1460 2682; x_wconf 88' lang='lat' dir='ltr'><strong>regi</strong></span> <span class='ocrx_word' id='word_1_123' title='bbox 1482 2596 1556 2660; x_wconf 86' lang='lat' dir='ltr'><strong>sub-</strong></span> 
     </span>
     <span class='ocr_line' id='line_1_18' title="bbox 511 2696 1554 2786; baseline 0 -23"><span class='ocrx_word' id='word_1_124' title='bbox 511 2699 640 2763; x_wconf 80' lang='lat' dir='ltr'><strong>dentur.</strong></span> <span class='ocrx_word' id='word_1_125' title='bbox 688 2696 808 2763; x_wconf 87' lang='lat' dir='ltr'><strong>Iccirco</strong></span> <span class='ocrx_word' id='word_1_126' title='bbox 830 2704 966 2786; x_wconf 89' lang='lat' dir='ltr'><strong>propter</strong></span> <span class='ocrx_word' id='word_1_127' title='bbox 987 2700 1068 2765; x_wconf 80' lang='lat' dir='ltr'><strong>istus</strong></span> <span class='ocrx_word' id='word_1_128' title='bbox 1088 2700 1258 2765; x_wconf 77' lang='lat' dir='ltr'><strong>libertates</strong></span> <span class='ocrx_word' id='word_1_129' title='bbox 1280 2698 1314 2763; x_wconf 93' lang='lat' dir='ltr'><strong>in</strong></span> <span class='ocrx_word' id='word_1_130' title='bbox 1339 2698 1438 2764; x_wconf 84' lang='lat' dir='ltr'><strong>dictis</strong></span> <span class='ocrx_word' id='word_1_131' title='bbox 1461 2698 1554 2763; x_wconf 82' lang='lat' dir='ltr'><strong>certis</strong></span> 
     </span>
     <span class='ocr_line' id='line_1_19' title="bbox 511 2798 1554 2889; baseline -0.002 -24"><span class='ocrx_word' id='word_1_132' title='bbox 511 2800 666 2865; x_wconf 75' lang='lat' dir='ltr'><strong>recitatus</strong></span> <span class='ocrx_word' id='word_1_133' title='bbox 689 2798 732 2865; x_wconf 85' lang='lat' dir='ltr'><strong>ad</strong></span> <span class='ocrx_word' id='word_1_134' title='bbox 761 2800 919 2867; x_wconf 88' lang='lat' dir='ltr'><strong>honorem</strong></span> <span class='ocrx_word' id='word_1_135' title='bbox 943 2802 1008 2868; x_wconf 89' lang='lat' dir='ltr'><strong>Dei</strong></span> <span class='ocrx_word' id='word_1_136' title='bbox 1028 2824 1087 2889; x_wconf 90' lang='lat' dir='ltr'><strong>per</strong></span> <span class='ocrx_word' id='word_1_137' title='bbox 1107 2802 1216 2889; x_wconf 81' lang='lat' dir='ltr'><strong>ipsum</strong></span> <span class='ocrx_word' id='word_1_138' title='bbox 1238 2822 1349 2888; x_wconf 82' lang='lat' dir='ltr'><strong>regem</strong></span> <span class='ocrx_word' id='word_1_139' title='bbox 1381 2801 1554 2887; x_wconf 87' lang='lat' dir='ltr'><strong>gloriosum</strong></span> 
     </span>
     <span class='ocr_line' id='line_1_20' title="bbox 511 2903 1553 2992; baseline -0.001 -23"><span class='ocrx_word' id='word_1_140' title='bbox 511 2925 676 2970; x_wconf 84' lang='lat' dir='ltr'><strong>concessas</strong></span> <span class='ocrx_word' id='word_1_141' title='bbox 699 2904 841 2970; x_wconf 84' lang='lat' dir='ltr'><strong>ecclesiae</strong></span> <span class='ocrx_word' id='word_1_142' title='bbox 863 2927 950 2992; x_wconf 86' lang='lat' dir='ltr'><strong>ssepe</strong></span> <span class='ocrx_word' id='word_1_143' title='bbox 973 2907 1081 2984; x_wconf 82' lang='lat' dir='ltr'><strong>dictae,</strong></span> <span class='ocrx_word' id='word_1_144' title='bbox 1097 2927 1136 2970; x_wconf 83' lang='lat' dir='ltr'><strong>ec</strong></span> <span class='ocrx_word' id='word_1_145' title='bbox 1157 2905 1261 2970; x_wconf 82' lang='lat' dir='ltr'><strong>etism</strong></span> <span class='ocrx_word' id='word_1_146' title='bbox 1282 2903 1325 2969; x_wconf 92' lang='lat' dir='ltr'><strong>ob</strong></span> <span class='ocrx_word' id='word_1_147' title='bbox 1348 2905 1553 2969; x_wconf 86' lang='lat' dir='ltr'><strong>devotionem</strong></span> 
     </span>
     <span class='ocr_line' id='line_1_21' title="bbox 511 3006 1554 3096; baseline -0.002 -24"><span class='ocrx_word' id='word_1_148' title='bbox 511 3006 597 3093; x_wconf 81' lang='lat' dir='ltr'><strong>regis</strong></span> <span class='ocrx_word' id='word_1_149' title='bbox 620 3028 719 3093; x_wconf 81' lang='lat' dir='ltr'><strong>quom</strong></span> <span class='ocrx_word' id='word_1_150' title='bbox 742 3029 819 3093; x_wconf 86' lang='lat' dir='ltr'><strong>erge</strong></span> <span class='ocrx_word' id='word_1_151' title='bbox 835 3007 953 3086; x_wconf 91' lang='lat' dir='ltr'><strong>Deum,</strong></span> <span class='ocrx_word' id='word_1_152' title='bbox 969 3014 1004 3075; x_wconf 86' lang='lat' dir='ltr'><strong>et</strong></span> <span class='ocrx_word' id='word_1_153' title='bbox 1026 3009 1201 3074; x_wconf 76' lang='lat' dir='ltr'><strong>ceritatem</strong></span> <span class='ocrx_word' id='word_1_154' title='bbox 1223 3029 1323 3096; x_wconf 84' lang='lat' dir='ltr'><strong>quem</strong></span> <span class='ocrx_word' id='word_1_155' title='bbox 1346 3030 1427 3093; x_wconf 83' lang='lat' dir='ltr'><strong>erga</strong></span> <span class='ocrx_word' id='word_1_156' title='bbox 1448 3007 1554 3093; x_wconf 83' lang='lat' dir='ltr'><strong>proxi-</strong></span> 
     </span>
     <span class='ocr_line' id='line_1_22' title="bbox 512 3107 1553 3197; baseline -0.001 -23"><span class='ocrx_word' id='word_1_157' title='bbox 512 3132 603 3174; x_wconf 89' lang='lat' dir='ltr'><strong>mum</strong></span> <span class='ocrx_word' id='word_1_158' title='bbox 625 3107 770 3195; x_wconf 83' lang='lat' dir='ltr'><strong>gerebat,</strong></span> <span class='ocrx_word' id='word_1_159' title='bbox 797 3108 986 3188; x_wconf 79' lang='lat' dir='ltr'><strong>indefessos,</strong></span> <span class='ocrx_word' id='word_1_160' title='bbox 1015 3133 1082 3176; x_wconf 90' lang='lat' dir='ltr'><strong>non</strong></span> <span class='ocrx_word' id='word_1_161' title='bbox 1104 3111 1269 3175; x_wconf 91' lang='lat' dir='ltr'><strong>inutiliter</strong></span> <span class='ocrx_word' id='word_1_162' title='bbox 1291 3111 1383 3197; x_wconf 89' lang='lat' dir='ltr'><strong>operi</strong></span> <span class='ocrx_word' id='word_1_163' title='bbox 1405 3109 1553 3195; x_wconf 75' lang='lat' dir='ltr'><strong>praesenti</strong></span> 
     </span>
     <span class='ocr_line' id='line_1_23' title="bbox 513 3211 1214 3300; baseline 0 -23"><span class='ocrx_word' id='word_1_164' title='bbox 513 3213 648 3298; x_wconf 86' lang='lat' dir='ltr'><strong>dignum</strong></span> <span class='ocrx_word' id='word_1_165' title='bbox 671 3211 828 3277; x_wconf 84' lang='lat' dir='ltr'><strong>duximus</strong></span> <span class='ocrx_word' id='word_1_166' title='bbox 851 3213 1043 3300; x_wconf 76' lang='lat' dir='ltr'><strong>supradicto</strong></span> <span class='ocrx_word' id='word_1_167' title='bbox 1064 3213 1214 3278; x_wconf 87' lang='lat' dir='ltr'><strong>inserere.</strong></span> 
     </span>
    </p>
   </div>
   <div class='ocr_carea' id='block_1_3' title="bbox 342 3542 1393 3820">
    <p class='ocr_par' dir='ltr' id='par_1_3' title="bbox 342 3542 1393 3820">
     <span class='ocr_line' id='line_1_24' title="bbox 342 3542 1137 3696; baseline -0.009 -81"><span class='ocrx_word' id='word_1_168' title='bbox 342 3563 494 3696; x_wconf 49' lang='lat' dir='ltr'><strong>pppvig„</strong></span> <span class='ocrx_word' id='word_1_169' title='bbox 941 3542 1019 3610; x_wconf 75' lang='lat' dir='ltr'><strong>Gir.</strong></span> <span class='ocrx_word' id='word_1_170' title='bbox 1045 3543 1137 3608; x_wconf 85' lang='lat' dir='ltr'>XIX.</span> 
     </span>
     <span class='ocr_line' id='line_1_25' title="bbox 343 3697 1393 3820; baseline -0.011 -6"><span class='ocrx_word' id='word_1_171' title='bbox 343 3697 445 3814; x_wconf 59' lang='lat' dir='ltr'><strong>ilalll&#39;’</strong></span> <span class='ocrx_word' id='word_1_172' title='bbox 674 3737 725 3805; x_wconf 87' lang='lat' dir='ltr'><strong>De</strong></span> <span class='ocrx_word' id='word_1_173' title='bbox 748 3735 903 3803; x_wconf 69' lang='lat' dir='ltr'><strong>temous</strong></span> <span class='ocrx_word' id='word_1_174' title='bbox 927 3755 1054 3820; x_wconf 69' lang='lat' dir='ltr'><strong>stupco</strong></span> <span class='ocrx_word' id='word_1_175' title='bbox 1079 3726 1123 3800; x_wconf 79' lang='lat' dir='ltr'><strong>io</strong></span> <span class='ocrx_word' id='word_1_176' title='bbox 1147 3750 1249 3818; x_wconf 68' lang='lat' dir='ltr'><strong>reque</strong></span> <span class='ocrx_word' id='word_1_177' title='bbox 1275 3741 1393 3802; x_wconf 67' lang='lat' dir='ltr'><strong>morto.</strong></span> 
     </span>
    </p>
   </div>
   <div class='ocr_carea' id='block_1_4' title="bbox 343 3831 472 3948">
    <p class='ocr_par' dir='ltr' id='par_1_4' title="bbox 343 3831 472 3948">
     <span class='ocr_line' id='line_1_26' title="bbox 343 3831 457 3890; baseline -0.026 -8"><span class='ocrx_word' id='word_1_178' title='bbox 343 3831 457 3890; x_wconf 66' lang='lat' dir='ltr'><strong>Westm„</strong></span> 
     </span>
     <span class='ocr_line' id='line_1_27' title="bbox 345 3903 472 3948; baseline 0 0"><span class='ocrx_word' id='word_1_179' title='bbox 345 3913 385 3948; x_wconf 86' lang='lat' dir='ltr'><strong>sn.</strong></span> <span class='ocrx_word' id='word_1_180' title='bbox 401 3903 472 3948; x_wconf 85' lang='lat'>1051.</span> 
     </span>
    </p>
   </div>
   <div class='ocr_carea' id='block_1_5' title="bbox 344 3992 1554 4132">
    <p class='ocr_par' dir='ltr' id='par_1_5' title="bbox 344 3992 1554 4132">
     <span class='ocr_line' id='line_1_28' title="bbox 344 3992 1554 4132; baseline -0.002 -26"><span class='ocrx_word' id='word_1_181' title='bbox 344 3992 485 4108; x_wconf 49' lang='lat' dir='ltr'><strong>llolyerale</strong></span> <span class='ocrx_word' id='word_1_182' title='bbox 516 4047 644 4114; x_wconf 82' lang='lat' dir='ltr'><strong>Godam</strong></span> <span class='ocrx_word' id='word_1_183' title='bbox 665 4045 751 4132; x_wconf 86' lang='lat' dir='ltr'><strong>regis</strong></span> <span class='ocrx_word' id='word_1_184' title='bbox 773 4041 930 4107; x_wconf 82' lang='lat' dir='ltr'><strong>Edwardi</strong></span> <span class='ocrx_word' id='word_1_185' title='bbox 951 4059 1094 4105; x_wconf 89' lang='lat' dir='ltr'><strong>sororem</strong></span> <span class='ocrx_word' id='word_1_186' title='bbox 1114 4039 1232 4105; x_wconf 82' lang='lat' dir='ltr'><strong>habuit</strong></span> <span class='ocrx_word' id='word_1_187' title='bbox 1253 4039 1289 4104; x_wconf 91' lang='lat' dir='ltr'><strong>in</strong></span> <span class='ocrx_word' id='word_1_188' title='bbox 1312 4061 1450 4106; x_wconf 82' lang='lat' dir='ltr'><strong>uxorem</strong></span> <span class='ocrx_word' id='word_1_189' title='bbox 1470 4036 1554 4128; x_wconf 75' lang='lat' dir='ltr'><strong>opud</strong></span> 
     </span>
    </p>
   </div>
   <div class='ocr_carea' id='block_1_6' title="bbox 342 4123 1554 4748">
    <p class='ocr_par' dir='ltr' id='par_1_6' title="bbox 342 4123 1554 4631">
     <span class='ocr_line' id='line_1_29' title="bbox 343 4123 1551 4241; baseline -0.006 -26"><span class='ocrx_word' id='word_1_190' title='bbox 343 4123 478 4241; x_wconf 51' lang='lat' dir='ltr'><strong>{ffiff</strong></span> <span class='ocrx_word' id='word_1_191' title='bbox 515 4151 681 4216; x_wconf 83' lang='lat' dir='ltr'><strong>Doversm</strong></span> <span class='ocrx_word' id='word_1_192' title='bbox 704 4167 778 4213; x_wconf 88' lang='lat' dir='ltr'><strong>cum</strong></span> <span class='ocrx_word' id='word_1_193' title='bbox 809 4143 877 4210; x_wconf 89' lang='lat' dir='ltr'><strong>suis</strong></span> <span class='ocrx_word' id='word_1_194' title='bbox 907 4138 1075 4230; x_wconf 78' lang='lat' dir='ltr'><strong>applicuit.</strong></span> <span class='ocrx_word' id='word_1_195' title='bbox 1130 4141 1200 4206; x_wconf 90' lang='lat' dir='ltr'><strong>Ubi</strong></span> <span class='ocrx_word' id='word_1_196' title='bbox 1230 4140 1354 4208; x_wconf 84' lang='lat' dir='ltr'><strong>milites</strong></span> <span class='ocrx_word' id='word_1_197' title='bbox 1385 4145 1455 4209; x_wconf 87' lang='lat' dir='ltr'><strong>eius</strong></span> <span class='ocrx_word' id='word_1_198' title='bbox 1483 4163 1551 4208; x_wconf 88' lang='lat' dir='ltr'><strong>cum</strong></span> 
     </span>
     <span class='ocr_line' id='line_1_30' title="bbox 342 4242 1553 4333; baseline -0.007 -14"><span class='ocrx_word' id='word_1_199' title='bbox 342 4259 394 4308; x_wconf 76' lang='lat' dir='ltr'><strong>mc</strong></span> <span class='ocrx_word' id='word_1_200' title='bbox 409 4257 452 4308; x_wconf 79' lang='lat' dir='ltr'><strong>the</strong></span> <span class='ocrx_word' id='word_1_201' title='bbox 515 4253 632 4320; x_wconf 88' lang='lat' dir='ltr'><strong>stolide</strong></span> <span class='ocrx_word' id='word_1_202' title='bbox 654 4251 753 4317; x_wconf 89' lang='lat' dir='ltr'><strong>nimis</strong></span> <span class='ocrx_word' id='word_1_203' title='bbox 775 4253 810 4314; x_wconf 89' lang='lat' dir='ltr'><strong>et</strong></span> <span class='ocrx_word' id='word_1_204' title='bbox 832 4245 971 4333; x_wconf 88' lang='lat' dir='ltr'><strong>superbe</strong></span> <span class='ocrx_word' id='word_1_205' title='bbox 992 4242 1136 4330; x_wconf 82' lang='lat' dir='ltr'><strong>hospitio</strong></span> <span class='ocrx_word' id='word_1_206' title='bbox 1169 4249 1361 4329; x_wconf 84' lang='lat' dir='ltr'><strong>quaererent,</strong></span> <span class='ocrx_word' id='word_1_207' title='bbox 1394 4269 1493 4312; x_wconf 90' lang='lat' dir='ltr'><strong>unum</strong></span> <span class='ocrx_word' id='word_1_208' title='bbox 1512 4245 1553 4311; x_wconf 87' lang='lat' dir='ltr'><strong>de</strong></span> 
     </span>
     <span class='ocr_line' id='line_1_31' title="bbox 344 4323 1554 4452; baseline -0.001 -36"><span class='ocrx_word' id='word_1_209' title='bbox 344 4323 460 4452; x_wconf 50' lang='lat' dir='ltr'><strong>Effe,</strong></span> <span class='ocrx_word' id='word_1_210' title='bbox 513 4357 617 4443; x_wconf 84' lang='lat' dir='ltr'><strong>burgo</strong></span> <span class='ocrx_word' id='word_1_211' title='bbox 653 4353 819 4419; x_wconf 89' lang='lat' dir='ltr'><strong>hominem</strong></span> <span class='ocrx_word' id='word_1_212' title='bbox 856 4351 1071 4436; x_wconf 85' lang='lat' dir='ltr'><strong>peremenmt</strong></span> <span class='ocrx_word' id='word_1_213' title='bbox 1133 4345 1234 4443; x_wconf 81' lang='lat' dir='ltr'><strong>‘Quod</strong></span> <span class='ocrx_word' id='word_1_214' title='bbox 1271 4347 1390 4414; x_wconf 84' lang='lat' dir='ltr'><strong>videns</strong></span> <span class='ocrx_word' id='word_1_215' title='bbox 1426 4349 1554 4437; x_wconf 80' lang='lat' dir='ltr'><strong>quidum</strong></span> 
     </span>
     <span class='ocr_line' id='line_1_32' title="bbox 346 4448 1554 4546; baseline -0.007 -22"><span class='ocrx_word' id='word_1_216' title='bbox 346 4466 425 4509; x_wconf 68' lang='lat' dir='ltr'><strong>0⁰1¹11t</strong></span> <span class='ocrx_word' id='word_1_217' title='bbox 435 4457 466 4508; x_wconf 66' lang='lat'><strong>⁰¹⁸</strong></span> <span class='ocrx_word' id='word_1_218' title='bbox 513 4457 684 4546; x_wconf 72' lang='lat' dir='ltr'><strong>bingensis</strong></span> <span class='ocrx_word' id='word_1_219' title='bbox 726 4453 820 4520; x_wconf 89' lang='lat' dir='ltr'><strong>illum</strong></span> <span class='ocrx_word' id='word_1_220' title='bbox 853 4449 993 4516; x_wconf 89' lang='lat' dir='ltr'><strong>militem</strong></span> <span class='ocrx_word' id='word_1_221' title='bbox 1026 4448 1198 4515; x_wconf 85' lang='lat' dir='ltr'><strong>interfecit</strong></span> <span class='ocrx_word' id='word_1_222' title='bbox 1274 4449 1327 4516; x_wconf 88' lang='lat' dir='ltr'><strong>Ob</strong></span> <span class='ocrx_word' id='word_1_223' title='bbox 1361 4473 1460 4538; x_wconf 82' lang='lat' dir='ltr'><strong>quem</strong></span> <span class='ocrx_word' id='word_1_224' title='bbox 1487 4474 1554 4517; x_wconf 85' lang='lat' dir='ltr'><strong>rem</strong></span> 
     </span>
     <span class='ocr_line' id='line_1_33' title="bbox 343 4525 1554 4631; baseline -0.007 -4"><span class='ocrx_word' id='word_1_225' title='bbox 343 4525 483 4590; x_wconf 66' lang='lat' dir='ltr'>B⁰u¹⁰⁸⁰⁰&#39;</span> <span class='ocrx_word' id='word_1_226' title='bbox 513 4583 620 4628; x_wconf 85' lang='lat' dir='ltr'><strong>comes</strong></span> <span class='ocrx_word' id='word_1_227' title='bbox 653 4563 688 4625; x_wconf 90' lang='lat' dir='ltr'><strong>et</strong></span> <span class='ocrx_word' id='word_1_228' title='bbox 710 4557 780 4623; x_wconf 89' lang='lat' dir='ltr'><strong>eius</strong></span> <span class='ocrx_word' id='word_1_229' title='bbox 802 4553 1040 4621; x_wconf 84' lang='lat' dir='ltr'><strong>commilitones</strong></span> <span class='ocrx_word' id='word_1_230' title='bbox 1062 4552 1098 4616; x_wconf 93' lang='lat' dir='ltr'><strong>in</strong></span> <span class='ocrx_word' id='word_1_231' title='bbox 1120 4551 1204 4616; x_wconf 81' lang='lat' dir='ltr'><strong>irem</strong></span> <span class='ocrx_word' id='word_1_232' title='bbox 1234 4554 1391 4631; x_wconf 88' lang='lat' dir='ltr'><strong>conversi,</strong></span> <span class='ocrx_word' id='word_1_233' title='bbox 1415 4556 1497 4620; x_wconf 88' lang='lat' dir='ltr'><strong>viros</strong></span> <span class='ocrx_word' id='word_1_234' title='bbox 1517 4559 1554 4618; x_wconf 89' lang='lat' dir='ltr'><strong>et</strong></span> 
     </span>
    </p>

    <p class='ocr_par' dir='ltr' id='par_1_7' title="bbox 513 4657 1554 4748">
     <span class='ocr_line' id='line_1_34' title="bbox 513 4657 1554 4748; baseline -0.007 -19"><span class='ocrx_word' id='word_1_235' title='bbox 513 4665 665 4729; x_wconf 88' lang='lat' dir='ltr'><strong>mulieres</strong></span> <span class='ocrx_word' id='word_1_236' title='bbox 696 4660 854 4748; x_wconf 89' lang='lat' dir='ltr'><strong>plurimos</strong></span> <span class='ocrx_word' id='word_1_237' title='bbox 884 4657 1078 4735; x_wconf 89' lang='lat' dir='ltr'><strong>occiderunt,</strong></span> <span class='ocrx_word' id='word_1_238' title='bbox 1111 4677 1228 4742; x_wconf 90' lang='lat' dir='ltr'><strong>pueros</strong></span> <span class='ocrx_word' id='word_1_239' title='bbox 1249 4677 1383 4721; x_wconf 85' lang='lat' dir='ltr'><strong>suorum</strong></span> <span class='ocrx_word' id='word_1_240' title='bbox 1405 4663 1440 4722; x_wconf 88' lang='lat' dir='ltr'><strong>et</strong></span> <span class='ocrx_word' id='word_1_241' title='bbox 1460 4679 1554 4741; x_wconf 87' lang='lat' dir='ltr'><strong>equo-</strong></span> 
     </span>
    </p>
   </div>
   <div class='ocr_carea' id='block_1_7' title="bbox 513 4759 1556 4852">
    <p class='ocr_par' dir='ltr' id='par_1_8' title="bbox 513 4759 1556 4852">
     <span class='ocr_line' id='line_1_35' title="bbox 513 4759 1556 4852; baseline -0.009 -20"><span class='ocrx_word' id='word_1_242' title='bbox 513 4790 587 4832; x_wconf 89' lang='lat' dir='ltr'><strong>rum</strong></span> <span class='ocrx_word' id='word_1_243' title='bbox 618 4764 757 4852; x_wconf 90' lang='lat' dir='ltr'><strong>pedibus</strong></span> <span class='ocrx_word' id='word_1_244' title='bbox 780 4761 1014 4828; x_wconf 82' lang='lat' dir='ltr'><strong>contriverunt</strong></span> <span class='ocrx_word' id='word_1_245' title='bbox 1070 4759 1137 4826; x_wconf 85' lang='lat' dir='ltr'><strong>Sed</strong></span> <span class='ocrx_word' id='word_1_246' title='bbox 1157 4759 1215 4826; x_wconf 91' lang='lat' dir='ltr'><strong>ubi</strong></span> <span class='ocrx_word' id='word_1_247' title='bbox 1241 4759 1417 4846; x_wconf 82' lang='lat' dir='ltr'><strong>burgenses</strong></span> <span class='ocrx_word' id='word_1_248' title='bbox 1437 4761 1479 4825; x_wconf 82' lang='lat' dir='ltr'><strong>ed</strong></span> <span class='ocrx_word' id='word_1_249' title='bbox 1496 4759 1556 4823; x_wconf 82' lang='lat' dir='ltr'><strong>ob</strong></span> 
     </span>
    </p>
   </div>
   <div class='ocr_carea' id='block_1_8' title="bbox 560 3933 1554 4023">
    <p class='ocr_par' dir='ltr' id='par_1_9' title="bbox 560 3933 1554 4023">
     <span class='ocr_line' id='line_1_36' title="bbox 560 3933 1554 4023; baseline -0.009 -13"><span class='ocrx_word' id='word_1_250' title='bbox 560 3943 669 4010; x_wconf 79' lang='lat' dir='ltr'><strong>0ch</strong></span> <span class='ocrx_word' id='word_1_251' title='bbox 702 3939 832 4007; x_wconf 88' lang='lat' dir='ltr'><strong>eosdem</strong></span> <span class='ocrx_word' id='word_1_252' title='bbox 863 3937 933 4003; x_wconf 91' lang='lat' dir='ltr'><strong>dies</strong></span> <span class='ocrx_word' id='word_1_253' title='bbox 965 3958 1072 4003; x_wconf 86' lang='lat' dir='ltr'><strong>comes</strong></span> <span class='ocrx_word' id='word_1_254' title='bbox 1095 3935 1251 4004; x_wconf 84' lang='lat' dir='ltr'><strong>Bononiae</strong></span> <span class='ocrx_word' id='word_1_255' title='bbox 1274 3933 1468 4004; x_wconf 83' lang='lat' dir='ltr'><strong>Eostetbius</strong></span> <span class='ocrx_word' id='word_1_256' title='bbox 1498 3937 1554 4023; x_wconf 88' lang='lat' dir='ltr'><strong>qui</strong></span> 
     </span>
    </p>
   </div>
   <div class='ocr_carea' id='block_1_9' title="bbox 0 0 1789 5796">
    <p class='ocr_par' dir='ltr' id='par_1_10' title="bbox 0 0 1789 5796">
     <span class='ocr_line' id='line_1_37' title="bbox 0 0 1789 5796; baseline 0 0"><span class='ocrx_word' id='word_1_257' title='bbox 0 0 1789 5796; x_wconf 95' lang='lat' dir='ltr'><strong> </strong></span> 
     </span>
    </p>
   </div>
  </div>
 </body>
</html>
