3567 5800
431 856 479 905 nn
500 854 618 905 omns
639 855 761 907 suasu
783 854 985 910 anon-111.
1008 842 1061 905 34.
1214 840 1279 916 1¹?

229 1046 270 1109 ut
291 1048 469 1129 paternum
491 1062 630 1130 regnum
653 1041 695 1109 de
715 1042 787 1109 iure
809 1042 872 1108 sibi
896 1041 1043 1109 debitum
1064 1042 1119 1112 vel
1139 1043 1280 1131 pacifice,

228 1146 294 1225 vel,
317 1148 347 1211 si
367 1146 543 1213 necessitas
564 1151 704 1233 cogeret,
724 1168 891 1214 armorum
921 1146 1077 1233 praesidio
1103 1147 1278 1233 optineret.

230 1250 299 1329 Qui
320 1250 364 1320 ad
387 1248 553 1317 sandwici
575 1255 709 1335 portum
731 1270 806 1315 cum
828 1250 896 1315 suia
918 1248 1094 1336 applicans,
1118 1250 1279 1315 Dorcber-

228 1352 322 1420 niam
353 1374 457 1438 usque
489 1352 649 1439 pervenit
706 1352 857 1437 Cumque
889 1373 995 1419 comes
1033 1352 1163 1419 Cantica
1194 1353 1281 1419 God-

229 1455 339 1522 winus
361 1455 431 1520 eius
460 1454 642 1522 adventum
664 1454 882 1541 cognovisset,
905 1454 1001 1519 venit
1030 1454 1163 1522 obviam
1185 1455 1224 1534 ei,
1248 1460 1282 1521 et

229 1558 326 1623 illum
348 1558 385 1621 in
414 1556 480 1623 fide
502 1580 563 1623 sua
588 1558 777 1643 suscipiens,
800 1556 880 1623 inde
909 1556 1089 1643 proditoris
1110 1558 1216 1625 vicem
1246 1559 1281 1625 in

229 1661 304 1747 ipso
332 1666 367 1725 et
394 1660 463 1725 suis
485 1660 761 1728 commilitonibus
792 1659 943 1746 sequenti
972 1664 1069 1725 nocte
1098 1660 1282 1747 complevit.

231 1764 323 1830 Nam
344 1767 421 1849 post
451 1763 532 1829 data
562 1764 651 1849 pacis
673 1762 783 1829 oscula
812 1767 848 1827 et
877 1763 957 1829 laeta
979 1761 1143 1843 convivia,
1164 1764 1283 1832 intem-

230 1871 336 1951 pestae
366 1865 475 1931 noctis
505 1865 647 1943 silentio,
682 1886 758 1931 eum
791 1864 948 1933 alneum
978 1870 1013 1930 et
1051 1864 1121 1933 eius
1158 1867 1283 1931 sodales

232 1967 343 2054 sopori
366 1964 514 2033 memb‘ra
537 1968 714 2048 dedissent,
739 1966 829 2054 capti
852 1971 931 2035 sunt
955 1988 1067 2033 omnes
1089 1968 1231 2035 inermes
1246 1968 1283 2033 in

232 2069 396 2135 cubilibus
432 2070 500 2135 suis
530 2070 617 2137 nihil
654 2070 734 2138 mali
763 2070 966 2156 suspicantes
1005 2091 1027 2137 a
1067 2070 1283 2135 multitudine

231 2173 432 2237 irruentium
455 2177 667 2254 armatorum,
693 2176 728 2237 et
747 2171 902 2236 manibus
926 2192 1038 2237 eorum
1064 2177 1140 2259 post
1154 2178 1281 2259 tergum

231 2276 346 2363 ligatis
375 2275 534 2363 compulsi
563 2282 642 2341 sunt
671 2297 729 2363 per
755 2274 905 2340 ordinem
934 2276 1157 2361 unusquisque
1177 2276 1283 2343 ‚iuxta

232 2379 338 2442 alium
360 2378 554 2443 consedere:
577 2378 638 2442 ubi
659 2377 709 2442 ita
734 2377 892 2455 sedentes,
914 2397 1032 2441 novem
1047 2398 1174 2465 semper
1188 2380 1281 2444 deca
1293 2396 1450 2448 Henfluns

232 2479 333 2567 pitati
363 2486 451 2561 sunt,
480 2485 516 2546 et
548 2480 693 2547 decimus
722 2480 877 2545 dimissus
907 2483 942 2543 et
970 2480 1014 2545 ad
1043 2483 1173 2567 tempus
1202 2482 1282 2548 vitas
1294 2465 1362 2515 AD.
1378 2470 1449 2515 ¹⁰⁴²·

232 2587 427 2648 reservatus
483 2582 587 2648 Facta
616 2586 729 2648 autem
760 2590 839 2647 sunt
868 2582 938 2647 haee
968 2583 1055 2668 apud
1087 2583 1284 2649 Guldeforde

232 2685 351 2752 villam
376 2686 508 2772 regiam.
554 2684 622 2752 Sed
644 2684 703 2751 ubi
730 2683 892 2751 Godwino
918 2684 1079 2771 proditori
1105 2687 1214 2753 visum
1236 2693 1286 2755 est

232 2787 310 2875 plus
346 2807 446 2873 quam
483 2786 528 2852 sit
565 2787 649 2852 utile
690 2786 801 2853 adhuc
837 2786 932 2851 vivos
977 2808 1151 2874 superesse,
1190 2789 1286 2855 iussit

232 2892 357 2956 iterum
379 2888 560 2971 deeimari;
590 2893 626 2955 et
648 2888 695 2954 sic
725 2888 914 2978 paucissimi
943 2890 1137 2976 superstites
1158 2914 1285 2958 reman-

232 2996 357 3059 serunt
413 2992 588 3058 Alfredum
628 3013 708 3058 vero
750 2993 906 3056 iuvenem
942 2993 1032 3080 regio
1068 2992 1192 3060 honore
1228 3017 1286 3082 per

233 3095 347 3161 omnia
385 3094 524 3182 dignum
566 3094 656 3180 apud
699 3093 816 3160 urbem
853 3093 1100 3160 Londcniarum
1144 3097 1285 3184 ligatum

232 3197 418 3266 transmisit
439 3197 484 3264 ad
508 3218 619 3284 regem
641 3195 836 3274 Haroldum,
860 3200 902 3264 ut
930 3196 1115 3264 uberiorem
1143 3201 1285 3286 gratiam

233 3301 326 3388 apud
356 3320 432 3365 eum
457 3299 632 3378 inveniret,
663 3321 739 3366 cum
769 3298 884 3386 paucis
913 3321 1047 3366 suorum
1077 3301 1133 3388 qui
1162 3302 1284 3369 indeci-

233 3403 321 3470 mati
356 3406 588 3468 remanserant.
645 3400 712 3467 Sed
748 3401 906 3468 continuo
944 3406 984 3469 ut
1020 3424 1080 3470 rex
1117 3403 1284 3472 Haroldus

233 3504 409 3571 Alfredum
431 3503 526 3580 vidit,
542 3504 651 3591 ipsum
672 3503 716 3570 ad
731 3502 922 3570 Heliensem
940 3503 1083 3572 insulam
1104 3507 1283 3576 adductum
1297 3513 1345 3564 His
1357 3515 1436 3565 cea.

235 3608 340 3675 oculis
376 3606 501 3672 ibidem
538 3605 666 3694 privari
699 3605 802 3687 feeit3
846 3606 969 3674 milites
1006 3614 1118 3676 autem
1154 3611 1285 3678 Alfredi

234 3711 339 3779 nimis
359 3709 541 3797 perniciose
563 3709 724 3796 peremit;
749 3714 786 3776 et
808 3710 965 3778 Alfredus
987 3711 1117 3780 iuvenis
1139 3717 1287 3804 egregius

234 3813 393 3901 spiritum
414 3811 595 3878 exhalavit
642 3811 698 3878 Sic
712 3812 936 3880 nobilissimus
951 3817 986 3880 et
1001 3816 1145 3902 optimus
1159 3818 1289 3886 iuvenis

233 3917 348 4004 regius
369 3914 525 3982 Alfredus
557 3915 712 3982 occubuit
742 3915 867 3983 iniuste
900 3923 1098 4006 peremptus,
1132 3926 1167 3987 et
1199 3923 1288 4010 apud

237 4019 331 4104 Hely
352 4017 557 4105 sepulturam
579 4019 712 4106 aceepit

282 4120 469 4186 Edwardus
506 4141 584 4186 vero
621 4120 707 4186 alter
743 4118 915 4188 Ethelredi
952 4121 1040 4210 regis
1088 4128 1123 4189 et
1160 4123 1287 4194 Emmae
1301 4135 1454 4186 wilhsem.

188 4209 194 4219 ²
236 4223 362 4310 reginae
396 4221 493 4299 filius,
531 4222 681 4310 praedicti
718 4223 847 4288 Alfredi
883 4222 995 4304 frater,
1031 4226 1146 4292 audita
1182 4233 1287 4296 morte
1299 4207 1437 4330 ffigd‚'

238 4326 403 4394 Onutonis
432 4325 520 4412 regis
543 4330 578 4391 et
607 4325 697 4411 quod
720 4325 889 4392 Haroldus
912 4326 993 4392 dicti
1017 4325 1180 4396 Onutonis
1201 4332 1287 4418 regis
1299 4351 1344 4386 son
1355 4336 1385 4386 of

236 4432 327 4498 filius
348 4452 446 4517 super
467 4429 651 4516 Anglorum
680 4452 818 4516 regnum
847 4453 909 4495 rex
938 4433 1137 4499 constitutus
1162 4434 1287 4516 fuisset,
1300 4405 1431 4521 ,Ettffl'

238 4557 315 4600 cum
352 4533 571 4620 quadraginta
614 4533 757 4599 navibus
800 4533 964 4600 militibus
1008 4537 1113 4624 plenis
1152 4539 1289 4606 marinis
1303 4547 1410 4603 ampan.

238 4639 493 4727 tempestatibus
514 4640 676 4726 superatis
695 4639 740 4706 ad
761 4645 895 4726 portum
916 4641 1046 4728 appulit
1067 4643 1290 4731 Hamptoniae.

242 4745 315 4812 Ubi
329 4742 605 4808 innumerabilem
620 4743 804 4829 Anglorum
818 4743 1070 4811 multitudinem
1084 4747 1128 4812 ad
1148 4748 1291 4835 ipsorum
