3567 5800
526 871 591 932 140
700 874 704 884 '
785 883 854 932 mc.
876 883 924 932 nu
947 883 1079 932 emano.
1102 883 1192 932 senc.
1215 883 1303 932 nrsr.

524 1065 728 1132 Londoniam
762 1068 857 1134 evehi
888 1067 1070 1154 patiuntur.
1137 1067 1193 1132 Ibi
1234 1066 1376 1154 glorifice
1408 1065 1570 1153 sepultum

522 1171 637 1236 extitit
667 1169 758 1236 beati
781 1170 927 1257 Alphegi
949 1192 1072 1258 corpus,
1108 1174 1143 1235 et
1175 1174 1251 1256 post
1282 1169 1429 1256 spatium
1462 1169 1570 1236 dcoem

520 1295 682 1338 annorum
704 1273 748 1338 ab
770 1274 861 1338 omni
892 1273 966 1339 labe
989 1273 1207 1360 corruptionis
1230 1273 1376 1338 immune
1399 1273 1466 1338 suit
1487 1273 1570 1339 leva-

521 1382 614 1456 tum3
645 1383 681 1442 et
701 1375 745 1441 ad
775 1375 944 1442 ecclesiam
977 1397 1082 1454 suam,
1117 1376 1271 1442 videlicet
1294 1375 1569 1455 cantuariensem,

521 1479 700 1556 reductum,
725 1479 847 1545 dictum
871 1480 980 1545 locum
1003 1501 1062 1544 sua
1085 1480 1258 1565 praesentia
1281 1479 1448 1566 corporali,
1480 1478 1570 1544 meri·

521 1583 565 1647 tis
587 1583 691 1669 ipsius
713 1583 961 1648 coruscantibus
983 1581 1109 1647 ibidem
1139 1581 1304 1648 miraculis
1340 1581 1452 1648 debite
1482 1582 1570 1647 nobi·

523 1685 644 1750 litavit.

353 1803 438 1856 nana
569 1789 674 1854 Danis
704 1794 864 1874 praeterea
885 1787 1043 1874 Angliam
1074 1787 1317 1868 infestantibus,
1352 1809 1429 1865 cum
1462 1810 1570 1854 nume-

246 1921 251 1936 ·
352 1873 514 1990 sslffiffl
523 1898 638 1957 rentur
660 1891 696 1956 in
719 1891 844 1977 Anglia
863 1890 1006 1978 triginta
1029 1890 1095 1956 duo
1117 1891 1202 1977 pagi,
1227 1890 1390 1956 sexdecim
1412 1913 1456 1956 ex
1478 1891 1569 1956 dictis

352 1954 507 2058 uidoloeieu
523 1995 617 2081 pagis
647 2017 706 2082 per
737 1994 913 2081 praedictos
948 1993 1062 2058 Dauos
1096 1992 1251 2079 leguntur
1283 1993 1400 2072 invasi,
1435 2015 1568 2081 quornm

352 2071 485 2188 ffb&
523 2097 658 2162 nomina
694 2102 829 2183 propter
860 2095 1046 2161 barbariem
1081 2095 1204 2182 linguae
1235 2096 1365 2182 antiqui
1399 2098 1567 2183 scriptores

522 2201 660 2265 scribere
682 2199 884 2286 refugerunt.
931 2197 1065 2264 Interea
1088 2219 1148 2263 rex
1171 2198 1371 2264 Ethelredus
1393 2199 1568 2264 secundum

522 2303 627 2368 sancti
644 2302 813 2368 Dunstani
835 2302 1052 2389 prophetiam,
1076 2323 1185 2387 quam,
1209 2300 1288 2366 dum
1311 2301 1438 2366 dictum
1461 2301 1568 2366 Ethel-

351 2433 450 2496 above,
520 2406 637 2471 redum
689 2406 926 2492 baptizaverim,
975 2405 1062 2470 siout
1108 2404 1335 2490 praemisimus,
1383 2405 1544 2491 profluvio
1557 2403 1579 2460 ¹··

351 2508 441 2565 1)-134·
520 2508 647 2575 ventris
669 2507 879 2594 baptismatis
902 2511 1104 2573 sacramenta
1125 2507 1195 2594 ipso
1217 2505 1396 2572 Ethelredo
1426 2507 1567 2594 interpo-

518 2611 610 2677 lante
631 2612 840 2698 praedixerat,
864 2610 953 2696 qnod
974 2610 1116 2698 ignavus
1138 2611 1235 2675 homo
1259 2615 1343 2676 esset
1364 2607 1505 2688 futurus,
1534 2611 1566 2675 in

519 2714 624 2780 tantis
662 2715 877 2781 vexationum
917 2713 1158 2778 discriminibus
1192 2713 1358 2800 republica
1395 2714 1566 2780 vacillante

518 2823 718 2906 postponens
754 2818 889 2905 negotia
926 2816 1019 2904 regni
1056 2816 1219 2882 otiositati
1256 2839 1330 2904 quae
1367 2823 1419 2882 est
1452 2818 1565 2884 animae

518 2922 652 2987 inimica
685 2942 818 3009 operam
853 2920 976 2999 dabat;
1010 2924 1045 2985 et
1067 2920 1160 3005 quasi
1183 2920 1347 2986 dormiens
1369 2942 1432 2987 nec
1454 2923 1565 2989 volens

517 3025 684 3113 evigilare,
708 3024 801 3111 quasi
823 3044 942 3088 navem
964 3022 1052 3087 inter
1067 3022 1185 3087 fluctus
1208 3024 1315 3109 pelagi
1330 3024 1564 3090 tumultuantis

517 3129 588 3193 sine
609 3128 732 3215 remige
754 3131 789 3192 et
815 3124 1032 3191 armamentis
1054 3124 1229 3189 navalibus
1259 3126 1411 3213 periculis
1435 3128 1564 3193 marinis

517 3232 587 3299 sine
620 3254 676 3318 spe
708 3229 907 3308 derelictam,
943 3228 993 3293 ita
1023 3248 1162 3314 reguum
1195 3250 1291 3293 suum
1325 3230 1413 3315 quod
1437 3230 1478 3296 de
1501 3232 1564 3295 iure

517 3335 684 3402 debuisset
707 3334 878 3400 defendere
900 3332 1108 3399 inimicorum
1131 3333 1369 3419 depraedationi
1393 3358 1432 3400 ac
1456 3336 1562 3401 (levas

517 3440 646 3519 tattoni,
690 3439 863 3504 Danorum
906 3436 1030 3502 scilicet
1068 3436 1214 3522 undique
1255 3458 1394 3523 regnum
1436 3438 1562 3526 Angliae

516 3540 766 3619 incursantium,
788 3541 859 3605 sine
881 3538 1071 3604 defensione
1095 3538 1277 3624 dereliquit.
1324 3540 1369 3604 Et
1392 3540 1563 3629 siquando

516 3644 625 3729 ipsum
647 3641 859 3730 contingebat
873 3664 895 3705 a
909 3640 1034 3706 desidia
1055 3641 1250 3728 resipiscere,
1270 3647 1308 3706 ut
1326 3642 1380 3708 vel
1403 3645 1562 3710 modicum

517 3748 610 3833 quasi
632 3746 785 3813 confluens
816 3749 996 3831 temptaret
1028 3744 1179 3809 resistere
1212 3744 1360 3825 inimicis,
1396 3748 1562 3814 confestim

516 3854 571 3921 vel
591 3858 753 3941 gravante
776 3851 902 3917 desidia
915 3850 969 3917 vel
991 3850 1186 3917 adversante
1206 3851 1337 3919 fortuna
1359 3853 1397 3917 in
1419 3855 1562 3921 miserias

517 3958 673 4045 pristinas
704 3954 876 4022 recidebat.
926 3955 980 4019 Sic
1003 3954 1156 4020 turbatus
1178 3954 1213 4019 in
1240 3954 1398 4041 regimine
1421 3963 1457 4023 et
1489 3957 1563 4045 quid

517 4065 629 4148 agerem
650 4057 789 4139 nescius,
805 4056 992 4143 Anglornm
1015 4077 1152 4142 regnum
1174 4057 1310 4143 ignavia
1332 4063 1366 4125 et
1384 4058 1560 4136 formidine,

516 4186 584 4231 non
621 4162 786 4250 probitate
824 4158 962 4237 militiae,
1001 4158 1207 4225 formidolose
1245 4161 1419 4227 tractabat.
1488 4164 1562 4243 Quis

349 4246 472 4365 mm.
516 4267 620 4354 possit
657 4286 847 4330 enumerare
886 4262 1039 4346 quotiens
1086 4262 1267 4328 exercitum
1310 4267 1559 4353 congregaverit,

347 4370 668 4457 reviscerationem
690 4368 786 4434 duces
809 4365 1024 4449 undecunque
1047 4365 1244 4445 evocaverit,
1260 4369 1294 4431 et
1315 4366 1399 4431 nihil
1422 4390 1560 4456 unquam

518 4474 633 4538 horum
655 4472 699 4536 ad
720 4470 901 4557 profectum
924 4467 1142 4553 processerit?
1184 4467 1458 4537 Namcxercitus
1479 4474 1560 4560 prin-

517 4577 587 4663 cipe
620 4596 731 4641 carens
762 4578 797 4638 et
830 4570 1011 4658 disciplinas
1045 4570 1198 4635 militaris
1229 4570 1372 4657 ignarus,
1406 4582 1466 4641 aut
1488 4584 1559 4640 autc

517 4700 725 4765 congressum
763 4674 978 4753 dilabebatur,
1018 4678 1077 4737 aut
1110 4671 1146 4737 in
1183 4673 1253 4759 ipso
1285 4674 1440 4743 conflictu
1471 4678 1559 4743 facile

523 4828 910 4842 --ss—.*———m——·
931 4828 998 4833 -——-
1018 4828 1022 4833 ·
1096 4828 1113 4835 --ο
1135 4830 1140 4835 -
1154 4828 1558 4841 μ---φοσ--ι-ῌ--ς-α--υ

738 4936 744 4947 ·
828 4919 835 4949 ¹
843 4916 981 4984 profluvio]
995 4932 1040 4982 pro
1052 4916 1181 4983 profluvio,
1196 4914 1251 4969 MS.
