3567 5800
519 850 586 920 '282
785 870 852 921 arc
875 871 924 919 aa
946 866 1079 921 emmo.
1102 870 1191 923 crac
1214 872 1301 922 msr.

521 1078 582 1122 nec
625 1057 749 1124 latuere
799 1060 983 1145 prasentia,
1026 1060 1140 1126 futrua
1183 1080 1314 1147 quoque
1356 1058 1557 1127 nibilominus

515 1158 710 1227 revelantur.

912 1463 993 1531 Orr.
1017 1460 1177 1531 XXXIV.

347 1677 448 1738 surse,
517 1670 568 1737 De
589 1665 698 1735 amodo
727 1687 827 1756 prem
858 1666 953 1736 dedit
984 1668 1073 1735 beato
1103 1666 1265 1735 Jobomci
1291 1634 1558 1755 evomuisse

347 1745 488 1871 ἵξξξζᾶ,
547 1770 712 1861 wasco
726 1771 889 1859 turpem
902 1778 933 1838 er
947 1771 988 1838 a
1001 1772 1167 1839 aarum
1181 1771 1538 1861 actamquae

346 1892 387 1940 ee·
402 1882 456 1939 ¹2²,

346 1946 404 1994 are.

561 1986 719 2052 Iuraaaa
747 1989 879 2051 sanctus
912 2004 972 2050 rex
999 2006 1072 2051 aevo
1093 1986 1160 2051 iam
1193 1986 1307 2073 gravis*
1337 1986 1468 2052 militiae
1498 2008 1559 2055 sure

375 2117 379 2125 ·
513 2090 685 2176 stipendiis
714 2089 900 2176 parabatur.
954 2088 1150 2175 Augebatur
1172 2088 1202 2154 ei
1223 2086 1329 2153 indies
1350 2087 1435 2154 eirca
1457 2088 1559 2155 Deum

512 2198 547 2259 et
584 2192 648 2258 Dei
685 2198 826 2257 matrem
863 2190 1000 2270 affectio,
1034 2192 1119 2257 circa
1156 2195 1286 2257 sanctos
1319 2190 1382 2257 Dei
1411 2192 1559 2272 devotio;

510 2297 599 2361 inter
621 2318 702 2383 quos
724 2296 951 2361 beatissimum
974 2294 1109 2361 Petrum
1134 2300 1171 2359 ut
1193 2293 1365 2381 specialem
1386 2300 1559 2380 patronum

511 2422 607 2465 suum
652 2399 880 2475 venerebatur,
931 2398 1125 2485 discipulum
1170 2404 1281 2463 autem
1325 2396 1422 2462 illum
1466 2420 1559 2483 quern

509 2502 644 2567 amabat
674 2500 772 2565 Jesus
795 2500 837 2565 ob
858 2500 1024 2587 singulare
1055 2500 1264 2587 privilegium
1296 2500 1459 2565 castitatis
1481 2502 1559 2565 mira
1738 2584 1739 2587 Ἴ

509 2605 630 2671 mentis
662 2602 834 2668 dulcedine
867 2602 1134 2690 amplectebatur.
1194 2602 1294 2689 Apud
1327 2600 1436 2667 Deum
1470 2626 1558 2690 peres

509 2708 732 2773 arbitrabatur
763 2711 929 2791 utrosque,
953 2728 1027 2771 cum
1061 2706 1157 2771 alteri
1187 2705 1291 2771 totius
1325 2706 1468 2772 ecolesiae
1499 2707 1559 2793 pri-

508 2815 636 2877 matum
659 2810 811 2876 Christus
834 2809 1017 2886 contulerit,
1034 2810 1130 2874 elteri
1152 2810 1351 2874 suavitatem
1369 2810 1422 2873 sui
1444 2810 1559 2875 amoris

509 2916 669 3003 copiosius
706 2913 886 2978 indulserit
948 2913 1046 2993 Quod
1085 2913 1144 2978 isti
1181 2912 1287 2978 defuit
1324 2912 1365 2977 de
1403 2914 1556 3000 prioratu
1737 2989 1738 3000 χ

509 3019 683 3106 supplebat
719 3015 853 3082 affectus
865 3039 874 3096 3
919 3021 953 3081 et
991 3016 1079 3100 quod
1123 3015 1179 3080 ille
1216 3017 1324 3080 minus
1361 3015 1482 3082 babuit
1518 3039 1557 3082 ex
1737 3001 1738 3014 ¹

509 3124 637 3202 affectu,
661 3121 779 3186 collata
801 3120 946 3206 dignitas
968 3119 1241 3206 recompensabat
1277 3111 1398 3184 ¹Unde
1421 3141 1558 3207 congrue

509 3226 607 3292 simul
628 3229 790 3290 vocantur
810 3245 832 3287 a
854 3221 1006 3298 Christ03
1042 3221 1140 3287 simul
1171 3221 1207 3285 in
1230 3225 1341 3286 monte
1373 3219 1465 3288 suere
1487 3245 1557 3288 cum

510 3329 668 3407 Christo3
712 3325 810 3392 simul
847 3324 939 3390 missi
980 3329 1059 3389 sunt
1096 3325 1139 3390 ad
1176 3323 1381 3389 ooenaculum
1426 3326 1555 3412 grande,

509 3437 659 3497 sanctum
681 3435 720 3496 ut
743 3427 867 3493 Pascha
900 3431 1053 3514 parerent
1076 3426 1231 3506 Obrist03
1263 3427 1360 3492 simul
1381 3429 1426 3492 ad
1447 3449 1558 3495 monn

510 3539 658 3598 mentum
690 3531 872 3608 currebant,
895 3535 935 3594 ut
963 3528 1087 3594 christi
1120 3529 1315 3616 probaretur
1345 3533 1536 3598 resurrectio
1548 3559 1557 3612 ;

510 3635 607 3701 simul
645 3633 862 3700 ascendebant
899 3632 936 3696 in
972 3632 1132 3718 templum
1169 3632 1211 3696 ad
1248 3631 1364 3698 boram
1402 3635 1558 3701 orationis

509 3761 639 3819 nonam,
662 3742 702 3803 ut
732 3735 866 3801 claudus
899 3739 1074 3800 muaretur.
1134 3734 1180 3800 Et
1208 3735 1288 3819 quid
1320 3736 1382 3802 hoc
1413 3739 1558 3824 apostolo

509 3843 636 3908 dulcius
658 3841 715 3926 qui
741 3863 762 3903 a
791 3843 922 3925 pectore
956 3837 1039 3902 Jesu
1076 3841 1110 3901 et
1139 3836 1183 3901 ab
1217 3837 1371 3904 uberibus
1407 3840 1478 3905 eius
1510 3841 1557 3906 in-

510 3945 696 4013 ebriabatur
737 3941 900 4028 sapientia
937 3944 972 4004 et
1009 3939 1193 4005 dilectionis
1233 3941 1318 4006 lacte
1361 3944 1558 4027 potabatur?

510 4051 593 4115 Haec
614 4053 649 4114 et
670 4047 722 4111 bis
744 4044 864 4110 similia
884 4043 1002 4109 beatus
1034 4041 1217 4108 Edwardus
1243 4043 1462 4112 admiratione
1485 4047 1559 4112 dili-

508 4152 600 4241 genti
638 4147 851 4238 perpendens,
884 4151 959 4232 post
996 4146 1216 4232 apostolorum
1254 4147 1435 4234 principem
1473 4151 1558 4217 bunc

508 4255 649 4322 amicum
686 4253 769 4318 Jesu
800 4248 905 4315 artius
940 4248 1105 4335 diligebat
1141 4249 1210 4314 eius
1247 4249 1352 4316 libens
1385 4252 1558 4320 insistebat

509 4357 678 4443 obsequiis.
747 4353 914 4439 Frequens
951 4351 982 4416 ei
1019 4373 1122 4417 serrno
1161 4353 1200 4417 de
1240 4352 1309 4418 eius
1353 4355 1554 4432 excellentia,

508 4463 660 4548 frequens
680 4458 721 4523 de
742 4456 832 4521 illius
850 4454 1044 4541 virginitate
1067 4454 1247 4520 meditatio.
1292 4455 1424 4522 Accidit
1445 4465 1555 4526 autem

497 4571 548 4631 ‘ut
570 4561 702 4629 ecclesia
721 4561 757 4625 in
777 4559 900 4624 honore
919 4557 1021 4644 ipsius
1038 4557 1176 4643 apostoli
1198 4561 1381 4624 constructa
1404 4561 1476 4626 Deo
1497 4564 1556 4628 sub

501 4667 651 4735 nominis
672 4663 761 4729 illius
783 4663 883 4729 titulo
905 4669 1153 4748 consecraretur.
1199 4659 1336 4726 Praefuit
1358 4663 1557 4731 dedicationi

374 4824 385 4840 .
509 4793 569 4837 rex
599 4770 725 4848 beatus,
749 4772 783 4832 et
805 4765 847 4831 ob
878 4765 1032 4830 honorem
1066 4762 1275 4851 evangelistes
1303 4763 1400 4830 laetus
1433 4767 1557 4834 divinis
