3567 5800
495 860 561 923 300
755 874 821 924 mc.
847 875 895 922 us
917 871 1052 922 munic.
1077 873 1168 923 senc.
1193 873 1284 923 srsr.

491 1062 544 1126 vir
570 1061 626 1126 ille
653 1061 814 1126 creditum
837 1059 902 1126 sibi
924 1061 1105 1147 prudenter
1125 1061 1289 1142 officium
1311 1060 1546 1147 frequentabat

490 1163 668 1244 ecelesiam,
697 1163 906 1229 orationibus
929 1162 1042 1229 erebro
1067 1163 1253 1244 insistebat,
1279 1168 1315 1228 et
1338 1162 1430 1229 beati
1456 1166 1546 1250 regis

490 1268 609 1332 merita
637 1267 749 1332 adesse
780 1264 845 1332 sibi
874 1265 988 1331 sedulo
1017 1265 1219 1352 precabatur.
1272 1265 1407 1332 Aoeidit
1434 1272 1546 1332 autem

491 1368 544 1434 die
567 1369 711 1456 quadem
745 1367 863 1434 aestivo
894 1372 1044 1455 tempore
1079 1367 1159 1432 dum
1191 1368 1312 1434 fratres
1340 1367 1424 1434 hora
1444 1369 1545 1434 meri-

490 1471 591 1536 diana
621 1471 835 1557 quiesaerent,
873 1475 914 1536 ut
943 1474 980 1536 et
1008 1471 1077 1558 ipse
1104 1470 1304 1536 decumbens
1332 1470 1371 1535 in
1401 1471 1545 1536 oratorio

490 1574 586 1639 daret
608 1573 757 1638 membra
772 1573 884 1658 quieti
930 1572 978 1640 Et
992 1577 1084 1638 eoos!
1107 1572 1201 1639 videt
1219 1573 1257 1638 in
1272 1571 1395 1638 somnis
1408 1573 1544 1638 beatum

490 1676 694 1742 Edwardum
730 1675 842 1762 egredi
887 1675 930 1741 de
965 1675 1113 1761 sepulcro
1158 1697 1258 1761 seque
1301 1675 1542 1762 respicientem.

489 1777 621 1844 Deinde
654 1777 881 1844 somnolentia
912 1799 1053 1864 arguens
1082 1777 1257 1855 hominem,
1288 1778 1382 1843 iubet
1410 1779 1443 1843 ei
1472 1779 1545 1864 pul-

488 1881 592 1946 sando
606 1881 707 1946 finem
723 1879 866 1967 [somno]
881 1879 997 1958 faeere,
1013 1885 1048 1946 et
1062 1879 1181 1946 fratres
1195 1880 1240 1946 ad
1253 1879 1369 1946 horam
1383 1881 1544 1947 emtionis

488 2004 610 2049 nonam
632 2004 707 2070 quse
733 1981 800 2047 iam
829 2002 913 2068 pene
943 1983 1121 2048 transierat
1150 1982 1303 2049 exaitare
1364 1982 1448 2049 Haee
1468 2005 1544 2048 oum

489 2086 616 2152 monita
631 2085 662 2152 ei
676 2089 810 2151 sanetus
825 2083 982 2165 dedisset,
992 2083 1087 2150 videt
1101 2086 1212 2172 ipsum
1225 2107 1338 2172 regem
1351 2091 1544 2151 eoronatum

490 2189 533 2254 ad
555 2189 660 2254 altare
690 2188 871 2275 procedere.
929 2187 1036 2268 Quem
1058 2209 1134 2252 eum
1156 2187 1334 2275 diligenter
1353 2187 1487 2254 intuens
1507 2190 1545 2253 in

489 2290 695 2376 splendorem
720 2290 812 2356 illius
834 2289 959 2356 oorusei
980 2288 1116 2355 luminis
1135 2290 1247 2356 oeulos
1267 2289 1442 2372 infixisset,
1458 2291 1544 2357 visio

489 2393 587 2459 beata
616 2392 788 2480 disparuit.
834 2391 1095 2480 Expergefaetus
1119 2393 1252 2459 iuvenis
1281 2393 1392 2459 subito
1413 2394 1546 2481 apemit

489 2495 606 2576 oeulos,
623 2501 657 2561 et
677 2496 799 2561 hausto
821 2494 950 2561 lumine
972 2494 1138 2561 redditam
1159 2495 1225 2561 sibi
1248 2495 1354 2562 sensit
1368 2495 1544 2582 pristinam

488 2598 675 2665 sanitatem.
722 2597 861 2664 Detexit
888 2597 1050 2680 visionem
1076 2597 1245 2676 statribus,
1268 2603 1303 2664 et
1326 2602 1545 2665 attestatione

488 2699 637 2766 miraculi
660 2700 760 2765 fidem
790 2697 902 2764 verbis
931 2700 1020 2778 feeit,
1052 2700 1205 2766 omnibus
1233 2700 1480 2768 admirantibus
1508 2710 1545 2768 et

488 2801 757 2870 benedioentibus
787 2801 897 2867 Deum
929 2802 963 2866 in
988 2802 1142 2889 operibus
1167 2803 1244 2881 suis,
1272 2805 1330 2891 qui
1352 2805 1450 2870 beato
1476 2804 1544 2870 Ed·

490 2908 599 2973 wardo
629 2912 702 2993 post
730 2911 872 2971 mortem
903 2905 996 2973 dedit
1025 2906 1144 2971 melius
1173 2907 1286 2973 vivere
1310 2912 1346 2973 et
1371 2931 1446 2974 ossa
1468 2910 1542 2975 eius

488 3017 621 3077 mortua
644 3012 685 3077 de
707 3009 778 3077 loeo
800 3032 861 3076 suo
884 3010 978 3075 miris
1002 3010 1156 3097 operibus
1177 3011 1347 3098 pullrdare

321 3420 421 3481 Q
904 3371 985 3438 usp.
1008 3370 1140 3437 xmu.

320 3488 368 3538 ool.
380 3494 429 3538 40⁵
443 3510 450 3547 ς

321 3554 461 3672 gaug·
494 3560 665 3645 Quomodo
687 3559 801 3627 beatus
818 3558 991 3627 Wlstuous
1016 3560 1192 3649 episeopus
1217 3558 1350 3625 initiate
1372 3560 1549 3647 depositus

319 3688 400 3805 {032ss
511 3686 575 3752 per
589 3662 753 3730 vidulam
775 3662 887 3731 sabuti
910 3663 1000 3751 repis
1016 3663 1185 3731 Edwards]
1200 3662 1320 3749 suerat
1333 3663 1522 3731 restitutus.

320 3820 479 3940 {illm}
538 3852 810 3919 Bmsrmcrrus
842 3851 986 3917 Domino
1020 3873 1119 3939 super
1151 3852 1308 3918 timentes
1338 3874 1414 3917 eum
1446 3858 1482 3918 et
1508 3854 1548 3917 in

320 3954 452 4017 Bronton,
492 3954 539 4020 eis
561 3956 620 4043 qui
642 3959 777 4041 sperant
806 3977 904 4042 super
925 3954 1147 4019 miseriaordia
1171 3954 1249 4020 eius
1296 3954 1371 4020 Hoe
1395 3961 1431 4021 et
1454 3956 1548 4022 beati

320 4020 439 4152 &⁹⁷⁵⁹
492 4055 798 4145 praesunwlsuni
813 4055 954 4144 simplex
969 4056 1099 4121 iussus
1114 4060 1149 4120 u
1163 4056 1268 4122 aneu
1282 4057 1369 4143 rega
1384 4056 1548 4123 sewardi

491 4166 609 4248 potens
647 4158 896 4246 magnificentia
937 4158 1089 4245 sequenti
1125 4157 1284 4223 miraculo
1321 4158 1545 4227 declararunt.

492 4260 576 4327 Oum
607 4261 695 4327 enim
726 4282 785 4327 rex
801 4260 986 4325 Willelmus
1018 4259 1071 4345 (de
1097 4256 1173 4345 quo'
1187 4259 1316 4346 plenius
1339 4260 1484 4327 disemus
1507 4264 1547 4327 in

490 4364 717 4457 sequentibus)
732 4369 839 4429 totam
856 4362 921 4428 sibi
936 4362 1095 4449 Angliam
1116 4362 1328 4440 subdidisset,
1350 4385 1388 4428 ao
1407 4364 1548 4431 rebelles

489 4488 634 4553 quosque
671 4465 725 4530 vel
763 4462 968 4552 expulisset¹
1007 4465 1051 4529 ab
1088 4462 1196 4528 insula
1232 4464 1287 4529 vel
1325 4465 1548 4553 mancipasset

928 4654 1237 4661 -0——a———u——o
1247 4654 1291 4661 -..-
1303 4652 1539 4661 *-—.--——-——

806 4768 812 4798 ¹
831 4764 974 4834 eqrulrtset]
993 4766 1157 4831 expulissent,
1167 4766 1225 4819 MS.
