3567 5800
510 840 553 906 56
772 853 839 906 mc.
861 855 911 906 nn
932 853 1068 905 munuc.
1091 853 1182 906 eruc.
1204 853 1294 904 mer.

509 1045 547 1112 in
567 1043 646 1111 loeis
677 1043 816 1112 diversis
850 1043 979 1131 prsedus
1009 1045 1123 1133 egunt
1183 1039 1249 1110 Sed
1285 1062 1347 1109 rex
1377 1041 1562 1110 Edwmdus

510 1146 726 1215 multitudine
740 1150 942 1214 armatorum
956 1145 1093 1214 eolleete
1114 1167 1260 1236 paganos
1281 1145 1446 1214 hostiliter
1467 1146 1561 1213 inre·

510 1251 577 1330 eit3
598 1250 728 1338 illisque
749 1251 788 1316 in
807 1249 921 1338 fugem
943 1249 1115 1329 conversis,
1130 1249 1317 1336 insequitur
1330 1271 1385 1316 eos
1398 1248 1562 1337 fugientes

510 1377 571 1424 rex
585 1356 777 1435 Edumdus,
800 1360 901 1442 etque
923 1355 961 1422 in
981 1356 1138 1444 fugiendo
1160 1355 1298 1444 Toglees
1319 1355 1435 1422 duoem
1448 1376 1560 1421 eorum

510 1485 585 1530 oum
614 1462 685 1529 filio
716 1484 776 1528 suo
806 1462 977 1529 Manneuo
1009 1467 1044 1532 et
1076 1461 1178 1528 fratre
1210 1461 1280 1530 eius
1311 1460 1494 1541 interemit,
1525 1465 1560 1527 et

509 1565 691 1632 maximum
711 1565 941 1632 fortitudinem
963 1564 1096 1632 illorum
1117 1563 1207 1654 oepit
1228 1569 1264 1631 et
1284 1563 1426 1631 vinculis
1440 1562 1563 1630 menoi-

509 1667 611 1758 povit
667 1667 714 1735 Et
734 1667 812 1736 inde
842 1687 1048 1756 peouenorum
1077 1667 1240 1756 purletim
1261 1665 1348 1734 vires
1378 1665 1559 1734 decrescere

509 1776 689 1858 ooeperunt

554 1873 680 1942 Eodem
710 1878 856 1960 tempore
889 1873 1017 1940 Elfleds
1054 1871 1250 1939 Meroiorum
1287 1871 1422 1938 domino
1454 1870 1559 1937 Doro-

509 1976 658 2043 berniom
679 1974 844 2042 hostiliter
864 1981 981 2064 petens
1004 1975 1132 2042 obsedit
1154 1979 1190 2042 et
1212 1974 1366 2063 optinuit,
1382 1974 1558 2060 Denosque

509 2078 567 2167 qui
588 2079 626 2144 iu
646 2099 687 2144 ee
706 2084 802 2144 erent
823 2099 883 2166 pro
905 2083 1001 2166 perte
1022 2079 1095 2145 neoi
1116 2077 1264 2145 tredidit

555 2181 629 2261 Quo
650 2181 752 2247 etium
773 2184 921 2268 tempore
941 2201 1002 2247 rex
1024 2179 1209 2247 Edwmdus
1223 2180 1388 2247 obsemem
1411 2179 1557 2248 Ooloees-

509 2279 621 2349 triom¹
644 2282 739 2369 oepit,
762 2286 799 2350 et
820 2303 966 2370 paganos
988 2304 1109 2363 omnes,
1131 2287 1252 2371 praeter
1281 2303 1401 2370 peueos
1421 2282 1480 2369 qui
1501 2303 1559 2370 per

508 2385 622 2473 fugem
643 2385 745 2472 elopsi
775 2389 863 2467 sunt,
892 2384 1146 2450 miseridorditer
1176 2384 1364 2451 trucidavit.
1430 2383 1558 2450 Deinde

508 2479 774 2554 rex'lidwrrdus
795 2488 840 2552 od
864 2487 1056 2552 Meldunam
1079 2510 1100 2552 a
1121 2487 1260 2574 pogenis
1282 2487 1446 2554 obsessam
1468 2491 1558 2552 tren-

507 2590 603 2669 siens,
636 2591 724 2677 ipsos
753 2589 832 2656 inde
864 2591 1003 2677 fugavit,
1039 2597 1073 2656 et
1104 2612 1148 2656 ex
1177 2590 1384 2678 fugientibus
1417 2590 1558 2657 inimicis

508 2693 614 2758 multu
645 2693 737 2758 milio
757 2692 932 2758 interfecit
988 2692 1081 2758 Tune
1102 2715 1163 2758 rex
1185 2692 1370 2759 Edwardus
1395 2693 1439 2759 od
1462 2692 1558 2758 Hun-

507 2794 691 2861 tendunem
720 2793 933 2882 progrediens
955 2794 1070 2860 vilium
1091 2799 1127 2861 et
1148 2795 1318 2861 metellum
1349 2795 1557 2876 restauravit,

508 2904 544 2963 et
564 2919 699 2963 menum
720 2902 885 2963 ermetem
906 2896 1031 2965 ibidem
1052 2895 1194 2985 reliquit
1254 2897 1301 2965 Et
1322 2897 1436 2987 perrois
1456 2899 1558 2965 inter·

507 3000 603 3067 ieotis
624 3000 740 3067 diebus
762 2999 970 3068 Golooestriae
1000 3022 1112 3068 muros
1142 3000 1317 3089 reperavit,
1348 3008 1383 3069 et
1403 3000 1493 3069 viros
1521 3002 1556 3069 in

507 3126 548 3170 ee
578 3102 747 3171 bellicosos
780 3102 899 3193 posuit,
933 3108 969 3171 et
997 3108 1124 3171 eertum
1146 3102 1193 3171 eis
1224 3103 1426 3193 stipendium
1457 3103 1558 3195 essig-

507 3206 609 3273 novit

552 3309 646 3377 Tune
667 3308 757 3375 Deni
778 3308 815 3374 in
844 3307 925 3375 loeis
958 3306 1074 3374 multis
1105 3329 1166 3397 per
1187 3308 1344 3396 Angliem
1374 3311 1558 3392 constituti,

507 3411 658 3479 videntes
687 3409 774 3499 regis
796 3408 956 3476 Edwmdi
989 3411 1175 3497 potentiam
1197 3414 1233 3477 et
1253 3410 1457 3500 sapientium,
1480 3412 1558 3481 laeto

509 3535 544 3581 se
565 3514 676 3581 unimo
698 3510 927 3591 subdiderunt,
950 3517 986 3581 et
1007 3512 1103 3580 illurn
1124 3513 1161 3579 in
1181 3518 1359 3603 patronum
1381 3514 1559 3605 elegerunt

399 3854 502 3925 ,Μ
604 3832 855 3902 cornuorum.
899 3833 951 3900 De
976 3832 1071 3903 obitu
1099 3832 1239 3925 Elfledo
1260 3834 1470 3905 Mereiorom

341 3937 480 4057 wod?
957 3944 1114 4015 emere.

342 4070 412 4121 M).
425 4077 483 4123 sle.

343 4158 483 4213 A.D.rro.
605 4205 613 4222 .
818 4203 825 4218 .
1121 4204 1128 4221 .
1316 4206 1323 4223 .
1359 4206 1367 4223 .
1410 4206 1418 4222 .
1469 4208 1476 4223 .

343 4226 468 4279 neruos
513 4207 710 4273 Merolornm
739 4205 873 4271 dommo
893 4208 930 4270 et
950 4224 1041 4269 soror
1061 4226 1147 4291 regis
1170 4204 1326 4272 Edwardr
1357 4228 1561 4295 msrgmeque

343 4291 447 4346 EM·
512 4310 695 4398 prudentias
724 4312 885 4387 metrone,
920 4310 1035 4373 oetevo
1058 4327 1143 4371 enno
1166 4328 1209 4373 ex
1231 4329 1297 4393 quo
1319 4309 1388 4374 sola
1420 4332 1559 4397 regnum

513 4413 708 4479 Mereiorum
729 4416 865 4476 strenuo
886 4410 1039 4495 iustoque
1060 4412 1192 4475 rexerat
1212 4411 1440 4494 moderamine,
1456 4414 1561 4480 unde-

342 4528 463 4585 Junern
511 4516 666 4581 vicesimo
688 4512 845 4579 koiendns
859 4510 953 4593 sulii,
976 4510 1063 4577 diem
1086 4511 1203 4577 elausit
1218 4518 1409 4583 extremum
1455 4514 1561 4583 Cuius

557 4102 664 4170 Auro
687 4100 823 4168 Domini
845 4101 1130 4189 noningentesimo
1160 4101 1400 4170 undevicesimo
1422 4103 1561 4188 Elfledo,

797 4816 805 4847 ¹
826 4812 1007 4882 werbe]
1027 4812 1271 4877 ermannus
