3567 5800
851 897 942 945 m:
987 896 1212 945 casus
1258 897 1500 945 REGUM
1545 896 1929 945 mou—n:
1967 884 2073 960 24,
2108 884 2207 947 25.
2456 885 2584 947 265

480 1106 671 1148 omne
748 1087 1222 1168 perverterant.
1342 1083 1666 1149 Porrectis
1742 1089 1921 1150 terra
1996 1092 2191 1151 tenus
2254 1086 2585 1163 manibus,

482 1185 764 1251 scamnis
807 1185 1164 1272 suppositis
1210 1186 1496 1271 repebat,
1546 1193 1616 1252 et
1661 1187 1877 1253 factus
1925 1189 2319 1276 sibimetipsi
2365 1188 2587 1274 gravis

485 1289 794 1354 trahebat
839 1311 908 1354 se
950 1295 1099 1375 post
1143 1312 1230 1366 se,
1263 1289 1636 1355 miserabile
1682 1291 2126 1377 spectaculum
2172 1290 2587 1357 intuentibus

483 1392 782 1478 praebens
873 1396 942 1457 et
1017 1393 1378 1458 multorum
1474 1392 1548 1457 in
1644 1415 1713 1458 se
1801 1416 2163 1480 provocans
2253 1394 2585 1482 pietatem.

483 1494 776 1559 Accessit
838 1495 924 1559 ad
986 1494 1322 1560 cumulum
1369 1495 1774 1560 infelicitatis
1819 1496 1916 1560 rei
1959 1496 2302 1561 familiaris
2345 1496 2585 1581 inopia,

484 1596 567 1661 ob
624 1619 821 1683 quam
881 1597 1078 1662 famis
1141 1597 1399 1674 iniuria,
1448 1597 1868 1663 inclementia
1928 1598 2112 1678 aeris,
2178 1598 2333 1663 tabe
2391 1600 2587 1663 simul

483 1722 558 1764 ac
606 1700 812 1765 macie
861 1721 1184 1788 semesum
1231 1699 1399 1766 illud
1445 1722 1680 1788 corpus
1726 1702 2090 1766 affecerant.
2204 1702 2335 1766 Hic
2380 1701 2587 1787 igitur

484 1824 634 1867 cum
678 1803 750 1867 in
797 1802 1043 1867 curiam
1104 1803 1466 1889 irrepsisset
1534 1808 1603 1868 et
1671 1826 1738 1868 se
1802 1803 1974 1891 regis
2034 1803 2427 1869 cubiculario
2472 1805 2587 1869 ob-

480 1905 758 1981 tulisset,
810 1910 847 1939 “
872 1904 1125 1983 Itane‚”
1171 1905 1408 1990 inquit,
1461 1910 1497 1940 “
1523 1904 1878 1992 Hugoline,
1924 1927 2057 1970 non
2102 1928 2208 1971 me
2251 1906 2587 1992 respicies?

483 2030 614 2073 non
663 2007 1112 2072 misereberis?
1186 2029 1305 2073 nec
1349 2007 1644 2073 movebit
1688 2014 1757 2073 te
1820 2007 2017 2073 unius
2066 2007 2349 2074 hominis
2395 2013 2587 2074 tanta

483 2110 820 2176 calamitas
840 2109 901 2175 ‘t'’
997 2110 1089 2174 Et
1132 2109 1283 2175 ille:
1367 2117 1403 2146 “
1437 2110 1616 2191 Quid
1695 2133 1800 2176 me
1890 2112 1994 2176 vis
2069 2111 2281 2176 facere
2300 2109 2360 2176 T'
2457 2112 2585 2177 Cui

481 2234 749 2299 pauper,
828 2219 866 2249 “
897 2211 1186 2288 Sexie8,'’
1280 2213 1514 2298 inquit,
1612 2220 1648 2250 “
1679 2218 2057 2279 sanctorum
2141 2216 2585 2301 apostolorum

480 2316 712 2381 limina
738 2315 812 2380 in
854 2316 1017 2381 urbe
1046 2337 1179 2401 qua
1220 2317 1640 2401 requiescunt
1688 2317 1786 2381 ita
1833 2316 2291 2382 miserabiliter
2335 2339 2583 2404 repenS‚

482 2424 557 2484 ut
610 2424 688 2483 tu
731 2419 872 2505 ipse
919 2440 1094 2483 nunc
1143 2418 1392 2504 aspicis,
1443 2417 1726 2483 visitavi.
1822 2418 2195 2485 Sanitatem
2238 2442 2398 2484 vero
2443 2442 2587 2485 nec-

481 2522 641 2585 dum
704 2521 1052 2607 promerui,
1100 2542 1299 2605 quam
1352 2525 1579 2585 tamen
1639 2521 1805 2585 mihi
1869 2521 2104 2587 Petrus
2165 2521 2586 2589 beatissimus

478 2646 614 2689 non
658 2623 930 2710 negavit
973 2621 1089 2686 sed
1133 2621 1414 2698 distulit,
1464 2624 1709 2688 socium
1757 2623 1831 2687 in
1861 2624 1984 2689 hoc
2013 2625 2294 2690 articulo
2340 2625 2582 2690 habere

479 2726 708 2792 volens
754 2725 1158 2791 Edwardum
1202 2747 1441 2811 regem,
1491 2748 1686 2811 quem
1732 2726 1861 2791 sibi
1910 2727 2100 2791 novit
2158 2727 2230 2791 in
2276 2728 2585 2795 omnibus

477 2852 616 2895 esse
691 2829 1022 2895 devotum.
1146 2827 1294 2892 Iam
1341 2828 1519 2893 enim
1586 2850 1761 2894 nunc
1838 2830 2120 2916 septimo
2176 2831 2586 2917 profecturus

477 2934 565 2999 ad
608 2933 861 3011 urbem,
906 2932 991 2997 ab
1041 2932 1185 3019 ipso
1230 2937 1459 2997 sancto
1506 2931 1801 3019 apostolo
1845 2933 1919 2997 in
1973 2933 2304 2998 mandatis
2348 2936 2581 3021 accepi,

476 3060 697 3123 regem
741 3036 938 3111 adire,
985 3035 1418 3122 apostolicum
1443 3035 1505 3100 ei
1548 3034 1837 3120 perferre
1883 3040 2302 3123 praeceptum,
2352 3042 2431 3102 ut
2477 3060 2583 3103 me

476 3164 596 3205 suo
625 3161 804 3204 sacro
849 3138 1214 3203 subiectum
1246 3138 1440 3202 dorso
1464 3138 1549 3203 ad
1579 3138 1913 3203 ecclesiam
1960 3139 2099 3203 eius
2146 3160 2292 3224 quae
2337 3140 2584 3224 palatio

474 3243 698 3308 vicina
764 3246 865 3307 est
923 3241 1224 3328 perferat,
1289 3244 1718 3327 recepturum,
1780 3241 1837 3304 si
1902 3241 1973 3305 id
2040 3241 2282 3319 fecerit,
2330 3243 2584 3307 meritis

474 3346 617 3411 eius
676 3344 1120 3409 membrorum
1180 3365 1478 3408 meorum
1538 3343 1866 3428 integram
1914 3341 2327 3407 sanitatem.''
2421 3343 2583 3410 Haec

474 3449 596 3513 ubi
644 3447 963 3513 nuntiata
1022 3448 1180 3511 sunt
1238 3445 1403 3531 regi,
1463 3445 1605 3531 agit
1663 3445 1914 3531 gratias
1961 3444 2108 3511 Deo
2163 3468 2358 3531 seque
2408 3447 2581 3533 pari-

474 3557 704 3616 turum
761 3547 1071 3637 apostolo,
1122 3569 1241 3613 nec
1293 3548 1476 3633 inopi
1535 3547 1916 3612 defuturum
1976 3548 2091 3612 sed
2144 3548 2581 3634 praebiturum

473 3652 873 3738 obsequium,
919 3655 1000 3715 ut
1043 3650 1115 3714 in
1145 3648 1475 3714 mandatis
1505 3652 1863 3736 acceperat,
1892 3648 2248 3735 pollicetur.
2317 3651 2581 3717 Citatus

467 3778 628 3821 mox
673 3776 845 3841 aeger
875 3752 1192 3818 accessit„
1256 3751 1402 3817 Rex
1452 3773 1626 3831 vero,
1660 3755 1739 3816 ut
1784 3752 2100 3838 spiritalis
2156 3752 2267 3818 ille
2316 3755 2536 3819 asinus
2557 3753 2576 3792 ¹

469 3859 681 3933 fortis,
712 3856 1035 3922 accubans
1079 3854 1155 3918 in
1183 3854 1503 3932 terminiS,
1551 3856 1897 3940 supposuit
1942 3855 2246 3919 humeros
2291 3879 2442 3922 suos
2488 3856 2577 3921 ad

471 3959 883 4047 portandum.
973 3957 1225 4022 Audite
1285 3956 1442 4035 haec,
1508 3978 1729 4022 omnes
1789 3962 2052 4042 gentes;
2116 3958 2386 4023 auribus
2433 3981 2579 4045 per-

469 4064 690 4150 cipite,
740 4062 856 4148 qui
901 4059 1219 4126 habitatis
1266 4058 1507 4124 orbem.
1623 4058 2131 4145 Congregamini
2187 4061 2273 4124 ad
2333 4067 2582 4145 specta-

471 4167 713 4242 culum,
744 4165 935 4250 quale
967 4164 1171 4227 circus
1201 4161 1422 4227 nullus
1453 4183 1745 4246 unquam
1776 4162 2064 4246 praebuit
2094 4183 2211 4226 nec
2241 4162 2580 4227 theatrum

470 4270 689 4334 finxit.
786 4267 1040 4332 Pendet
1109 4266 1190 4330 de
1234 4264 1506 4328 humero
1550 4264 1729 4328 tanti
1796 4263 2107 4350 principis
2170 4263 2399 4350 plenus
2445 4287 2579 4330 sor·

469 4371 667 4436 dibus
710 4391 974 4456 pauper,
1009 4366 1323 4454 squalidis
1368 4366 1674 4430 manibus
1718 4365 2166 4450 bracchiisque
2212 4369 2576 4451 squamosis

468 4473 728 4559 regium
765 4471 933 4535 illud
975 4476 1204 4556 pectus
1250 4468 1614 4552 collumque
1659 4467 2133 4552 complectitur.
2230 4468 2286 4532 Ο
2333 4470 2576 4535 monile

471 4576 654 4640 omni
701 4596 960 4661 gemma
1006 4570 1452 4659 splendidius!
1546 4569 1604 4635 O
1657 4568 2022 4656 [tor]quem
2070 4571 2248 4634 omni
2279 4573 2577 4657 pretiosi-

1131 4819 1143 4847 ¹
1181 4818 1367 4878 αείηιιε,
1393 4816 1509 4881 σία]
1551 4815 1680 4866 Gen.
1705 4816 1834 4867 xlix.
1865 4821 1940 4868 14.
