3567 5800
437 890 482 937 or
504 887 620 936 ossus
643 887 765 938 nncuu
786 887 982 936 suoru-w.
1001 873 1055 947 26,
1079 866 1129 937 27.
1243 869 1307 936 269

256 1087 330 1130 rum
361 1064 507 1149 reliquiis
546 1064 582 1129 in
624 1065 721 1130 theca
750 1063 907 1128 recondit.
962 1062 1008 1127 Et
1046 1061 1114 1126 iam
1148 1082 1169 1124 a
1205 1059 1310 1124 sancti

256 1167 342 1254 regis
382 1167 477 1232 obitu
515 1167 658 1232 multum
687 1165 845 1253 temporis
874 1165 1026 1244 fluxerat,
1069 1187 1144 1228 cum
1175 1162 1310 1238 Divino,

256 1277 297 1336 ut
326 1270 494 1349 credimus,
525 1275 621 1350 nutu,
652 1269 744 1334 nullo
775 1268 918 1333 hominis
947 1273 1033 1346 actu,
1064 1266 1161 1332 theca
1190 1263 1311 1352 reperi·

257 1379 314 1438 tur
352 1379 472 1460 aperta
532 1372 680 1458 Cumque
710 1371 827 1436 fratres
861 1371 904 1436 de
933 1376 1124 1435 sauctorum
1162 1367 1310 1454 reliquiis

258 1475 434 1562 diligenter
463 1475 690 1562 disquirerent,
729 1473 900 1560 reperiunt
928 1472 1117 1538 schedulam
1146 1477 1182 1537 ct
1222 1469 1310 1536 evol-

256 1583 360 1656 vunt;
400 1575 614 1663 nolentesque
636 1583 769 1642 tautum
799 1575 902 1642 latera
931 1574 1125 1640 thesaurum
1154 1575 1192 1638 in
1220 1571 1309 1637 auri·

256 1681 320 1745 bus
359 1679 476 1768 populi
515 1685 634 1746 cuncta
672 1679 831 1767 legerunt.
889 1678 945 1744 Ita
986 1678 1075 1763 quod
1113 1699 1173 1742 rex
1203 1675 1310 1742 voluit

257 1805 326 1848 esse
355 1784 506 1862 celatum,
537 1782 601 1848 Dei
631 1788 681 1848 est
710 1780 919 1869 providentia
947 1781 1173 1868 propalatum
1213 1783 1252 1843 ut
1274 1783 1309 1842 et

256 1885 341 1972 regis
381 1886 550 1950 humilitas
602 1886 798 1973 probaretur
837 1891 872 1950 et
913 1883 1130 1949 nihilominus
1177 1881 1308 1969 prodito

256 1989 412 2054 miraculo
442 1989 522 2054 fides
552 1989 756 2054 credentium
788 1988 1048 2054 confirmaretur.

660 2381 739 2448 OAP.
763 2381 909 2447 XXVII.

290 2568 340 2634 Dc
356 2569 461 2656 focace
483 2569 643 2637 martinia
665 2593 772 2659 qaam
795 2579 889 2638 lactu
911 2579 1051 2640 accretas
1072 2571 1274 2638 Edwardaa
1319 2579 1417 2629 aitrau.

712 2675 858 2742 sanavit.
1301 2647 1436 2768 ,ifl'lffffl'

1318 2779 1405 2829 Malm.
1418 2778 1446 2830 ii.

1319 2844 1334 2911 ς
1347 2851 1404 2896 aaa.

1317 2913 1403 2971 Liras.
1415 2921 1462 2963 etc.

301 2863 443 2933 Exmrsc
474 2865 681 2933 crebrescunt
714 2867 878 2945 miracula,
904 2868 998 2957 signa
1034 2869 1303 2956 multiplicantur,

257 2972 292 3033 et
314 2969 357 3033 ad
379 2970 465 3057 regis
487 2971 607 3035 merita
634 2969 807 3036 sublimius
830 2972 1025 3037 declaranda
1051 2994 1168 3037 manus
1192 2971 1305 3037 Omni·
1317 2996 1357 3044 pp.
1366 2984 1407 3039 ⁹8,
1418 2984 1477 3037 371,

256 3074 400 3157 potentis
423 3074 615 3139 ostenditur.
1317 3052 1375 3096 ⁴28·

300 3175 554 3241 Adolesceutula
587 3176 738 3261 quaedam
761 3176 885 3243 tradita
915 3179 1041 3264 nuptiis
1062 3176 1184 3263 duplici
1215 3176 1303 3241 labo·
1318 3177 1449 3230 cursori

256 3277 353 3343 rabat
394 3278 607 3344 incommodo.
676 3278 764 3344 Num
812 3280 928 3345 faciem
976 3281 1046 3345 eius
1082 3280 1216 3344 morbus
1249 3279 1305 3343 ‹le-
1318 3246 1456 3363 pompus

255 3379 461 3459 formaverat,
503 3382 660 3446 sterilitas
689 3402 798 3468 -spem
845 3382 965 3469 prolis¹
990 3383 1165 3448 ademerat.
1235 3380 1306 3446 Sub

256 3481 404 3547 faucibus
444 3484 566 3571 quippe
598 3484 692 3570 quasi
729 3484 866 3571 glandes
898 3486 929 3549 ei
963 3490 1199 3561 succreverant,
1233 3506 1307 3570 quac

258 3590 361 3650 totam
383 3585 499 3651 faciem
523 3586 660 3651 deformi
691 3592 820 3653 tumore
846 3586 1008 3653 foedantss
1029 3588 1223 3675 putrefactis
1245 3588 1306 3653 sub

257 3693 331 3753 cute
352 3689 546 3755 humoribus
569 3690 763 3777 sanguinem
784 3690 821 3755 in
843 3692 967 3757 saniem
989 3697 1167 3757 verterant
1224 3692 1307 3756 Inde

257 3792 328 3855 nati
351 3812 478 3857 vermes
502 3792 634 3858 odorem
662 3792 871 3858 teterrimum
900 3793 1111 3861 exhalabant.
1158 3795 1214 3859 Ita
1235 3796 1308 3859 viro

256 3894 440 3960 incutiebat
463 3895 597 3961 morbus
628 3895 805 3975 horrorem,
829 3898 989 3962 sterilitas
1020 3898 1191 3963 minuebat
1213 3898 1308 3962 affcc-

257 4001 336 4061 tum.
382 3997 527 4063 Vivebat
549 3997 667 4064 infelix
689 4000 808 4064 mulier
830 4001 943 4065 odiosa
965 4000 1093 4076 marito,
1117 4001 1307 4087 parentibus

256 4121 407 4165 onerosa:
433 4123 528 4166 rarus
550 4102 592 4166 ad
616 4123 688 4167 eam
710 4103 766 4168 vel
787 4104 967 4168 amicorum
999 4124 1145 4168 accessus
1173 4108 1307 4190 propter

255 4201 406 4269 foetorem
427 4204 489 4269 'vel
520 4210 670 4291 aspectus
704 4205 770 4269 viri
803 4210 939 4292 propter
979 4204 1154 4271 horrorem.
1216 4202 1306 4268 Hinc

256 4305 354 4383 dolor,
378 4306 456 4371 hinc
485 4307 637 4385 lacrimae,
662 4307 739 4372 binc
762 4308 814 4373 die
837 4308 1021 4394 noctuque¹
1057 4306 1203 4393 suspiria,
1231 4328 1306 4371 curn

255 4410 285 4473 ei
307 4410 360 4474 vel
382 4410 539 4475 sterilitas
562 4410 774 4496 obprobrium
797 4411 852 4477 vel
875 4415 1102 4497 contemptum
1129 4410 1306 4475 infirmitas

254 4520 433 4599 generaret.
500 4512 706 4577 Industriam
743 4514 945 4580 medicorum
978 4512 1152 4578 avertebat
1185 4512 1304 4599 inopia

493 4704 572 4713 ..η-

594 4822 601 4853 ¹
614 4824 744 4892 noctuque]
754 4830 896 4888 noctesque,
907 4822 964 4874 MS.
