3567 5800
396 872 445 923 nr
466 871 586 926 orsrrs
607 869 734 924 nnorrr
757 869 961 924 mon-nr.
985 853 1039 936 19,
1062 853 1114 919 20.
1238 853 1276 918 9]

652 1179 750 1249 ΟΔΡ.
777 1179 853 1248 XX.

262 1382 314 1452 Dc
337 1380 556 1452 coroootr'ooc
576 1382 667 1472 11991
689 1381 828 1492 Balyra-t
849 1387 1068 1472 ocyoomouto
1089 1379 1244 1470 Pacifici.

272 1599 467 1668 narrar-ro
489 1599 594 1688 igitur
623 1621 700 1688 rege
723 1599 876 1678 Edwino,
900 1598 1004 1666 frater
1035 1599 1105 1666 aius
1127 1597 1278 1690 Edgarus

227 1703 390 1786 sumsit,
413 1703 456 1770 ab
479 1703 571 1769 omni
591 1703 715 1792 populo
737 1702 881 1783 eloctus3
904 1703 962 1790 qui
984 1723 1093 1790 regna,
1122 1705 1163 1768 ut
1193 1699 1279 1766 dixi-

227 1827 311 1888 mus,
343 1805 433 1871 inter
462 1806 573 1892 ipsum
606 1810 642 1872 st
674 1803 812 1870 fratrem
845 1827 943 1871 suum
977 1803 1154 1871 Edwinum
1188 1803 1280 1892 prius

227 1907 336 1974 divisa
371 1907 408 1973 in
438 1929 543 1974 unum
576 1908 828 1995 compaginavit
889 1906 973 1973 Erat
1006 1906 1094 1972 enim
1128 1905 1279 1994 Edgarus

228 2008 332 2077 frater
353 2009 497 2090 Edwini,
521 2009 610 2074 filius
635 2009 826 2075 Eadmundi
856 2009 944 2098 rogis
974 2007 1190 2090 nobilissimi3
1221 2007 1280 2094 qui

228 2111 294 2178 fuit
332 2111 494 2177 Edwardi
531 2110 677 2178 Senioris
711 2111 983 2178 Christianissimi
1013 2111 1190 2198 principis3
1221 2109 1280 2196 qui

227 2213 294 2279 suit
326 2213 457 2280 Alfredi
493 2213 564 2279 sive
595 2212 735 2281 aluredi
764 2212 1029 2280 victoriosissimi
1060 2211 1162 2278 ducis.
1210 2211 1280 2277 Isto

229 2315 381 2403 lidgarus
417 2316 543 2382 cunctis
579 2315 871 2404 praedecessoribus
913 2315 981 2382 suis
1023 2314 1156 2392 felicior,
1188 2313 1280 2379 nullo

228 2419 408 2486 sanctitate
429 2417 573 2495 inferior,
598 2417 750 2484 omnibus
771 2439 901 2484 morum
924 2418 1092 2485 suavitate
1122 2419 1280 2505 presun-

230 2518 304 2598 lior,
327 2519 425 2608 quasi
447 2520 544 2586 stella
564 2519 734 2586 matutina
755 2520 793 2585 in
824 2520 935 2588 medio
968 2520 1107 2598 nebulae,
1131 2523 1166 2586 19
1187 2519 1281 2605 quasi

228 2621 310 2688 luna
345 2623 445 2710 plena
472 2623 510 2688 in
540 2622 658 2689 diebus
690 2621 758 2688 suis
797 2623 892 2690 luxit
954 2623 1031 2712 Ipse
1064 2623 1183 2711 Anglis
1213 2643 1281 2688 non

1294 1345 1446 1400 Wenumo

1289 1415 1363 1466 Μια.

1289 1481 1395 1532 99111111.

1289 1547 1361 1600 M).
1373 1551 1431 1599 999.

1289 1642 1430 1761 tlt&

1290 1776 1426 1842 mynden,

1291 1843 1338 1896 ool.
1350 1847 1408 1894 999.

229 2726 341 2797 minus
381 2724 612 2803 memorabilis,
659 2746 760 2811 quam
806 2725 915 2810 (tyrus
959 2725 1076 2806 Persis,
1115 2726 1282 2792 Arthurus
1426 2781 1431 2788 .

230 2828 425 2908 Brittannis,
449 2827 593 2894 Karolus
616 2828 759 2908 Francis,
776 2827 979 2896 Romulusvs
1002 2827 1169 2896 Romanis.
1214 2827 1282 2896 Hio

231 2932 319 2999 enim
340 2952 481 3020 regnum
503 2931 688 3019 Anglorum
719 2932 845 2999 ooelesti
867 2933 1011 3019 quadam
1042 2954 1122 3021 pace
1153 2954 1283 3021 compo·

231 3036 306 3115 snit,
329 3040 365 3102 et
385 3034 567 3100 multarum
588 3035 775 3122 linguonum
798 3040 914 3123 gentes
936 3020 1035 3103 unius
1057 3036 1190 3104 foederis
1211 3036 1283 3125 lege

231 3138 412 3205 coniunxit
458 3136 559 3205 Unde
573 3138 605 3203 ci
620 3159 695 3203 curn
711 3136 884 3205 Salomone
901 3160 1072 3206 commune
1086 3140 1283 3206 vocabulum

231 3240 304 3319 fuit,
338 3244 380 3305 ut
415 3239 582 3319 Pacificas,
607 3241 696 3327 quod
730 3240 887 3308 Salomon
920 3242 1166 3331 interpretatur,
1197 3264 1283 3308 oom-

232 3342 341 3410 muni¹
365 3342 513 3409 omnium
535 3364 615 3410 vocs
637 3342 808 3412 dicoretur.
854 3344 926 3411 Nec
941 3345 1085 3411 mirum:
1109 3346 1180 3433 ipso
1195 3346 1284 3411 enim

232 3445 422 3513 nativitatis
458 3467 527 3513 suas
564 3450 713 3533 temporo
750 3447 885 3534 angelos
925 3447 1133 3515 concinentes
1169 3448 1286 3515 beatus

233 3550 437 3626 Dnnstunus²
482 3554 522 3615 119
567 3548 721 3627 diximus,
761 3550 913 3618 audivit:
956 3556 974 3589 ‘¹
990 3550 1064 3617 Pax
1101 3552 1285 3641 Anglorum

234 3652 376 3719 ecclesius
409 3650 509 3717 huius
540 3650 645 3738 pueri,
678 3653 737 3737 qui
767 3674 857 3719 nunc
889 3657 990 3720 natus
1021 3659 1080 3733 est,
1101 3644 1286 3744 'tempore''

235 3754 328 3821 Sicut
354 3752 461 3840 igitur
491 3754 622 3821 Aurora
652 3759 830 3822 transactus
862 3757 971 3824 noctis
1001 3756 1155 3825 tenebras
1185 3760 1287 3825 radiis

234 3880 301 3923 suae
323 3855 485 3922 claritatis
507 3856 652 3943 depellit,
676 3857 726 3923 ita
748 3856 846 3923 huius
879 3860 1080 3925 sanctissimi
1101 3861 1189 3949 regis
1211 3884 1286 3950 pro·

235 3959 380 4026 motione
402 3979 461 4044 per
483 3979 615 4024 omnem
642 3958 802 4046 Angliam
831 3981 900 4025 nox
941 3961 1147 4028 infidelitatis
1178 3964 1287 4050 expel-

234 4062 323 4142 litur,
355 4061 482 4127 irarum
515 4065 576 4126 ant
607 4060 846 4127 discordiarum
883 4065 1029 4132 9111111111
1066 4066 1287 4153 expelluntur.

235 4163 342 4231 Tanta
363 4162 454 4231 enim
476 4163 513 4228 in
534 4162 655 4244 verbis,
678 4164 715 4229 in
737 4165 845 4245 vultu,
868 4165 907 4230 in
940 4168 1098 4249 moribus,
1121 4166 1287 4236 interioris

234 4266 410 4333 suavitatis
433 4265 556 4333 indicia
577 4265 783 4353 praeferebat,
806 4273 846 4334 ut
880 4268 952 4335 Deo
988 4275 1183 4358 cooperante
1215 4274 1288 4339 tota

234 4370 266 4435 ci
287 4370 396 4440 insula
417 4390 535 4435 manus
558 4370 652 4436 daret
664 4394 673 4451 ;
697 4376 732 4437 et
758 4370 802 4437 nd
824 4370 1034 4440 subdendum
1055 4396 1091 4440 se
1113 4372 1144 4440 11
1169 4372 1288 4458 Scotia,

235 4472 362 4553 wallia
386 4472 556 4555 cumbria,
579 4472 686 4539 libens
720 4480 913 4541 occurreret.
968 4476 1017 4542 Eo
1051 4500 1193 4565 namque
1215 4500 1288 4569 reg-

578 4793 586 4824 ¹
598 4793 728 4861 mmm]
740 4808 855 4856 comune,
865 4793 923 4846 MS.
