3567 5800
477 879 525 927 nn
546 876 664 927 omme
685 878 808 929 meurs
828 877 1021 931 mou-rs.
1046 866 1077 946 8,
1094 867 1124 929 9.
1273 866 1337 931 215

292 1084 481 1151 pauperum,
507 1086 607 1151 quam
633 1065 722 1132 inter
740 1086 909 1133 murorum
935 1066 1106 1133 ambitum.
1152 1066 1255 1133 Videt
1269 1068 1340 1135 haec

290 1165 396 1232 hostis
426 1166 584 1253 antiquus
615 1174 651 1234 et
682 1169 834 1251 invidet3
867 1170 1034 1251 anxiatur,
1069 1170 1241 1251 cruciatur,
1273 1171 1340 1237 dis-

292 1274 431 1350 secatur,
451 1274 636 1357 torquetur,
658 1271 855 1354 incenditur,
882 1274 1000 1355 uritur,
1023 1274 1161 1339 molitur
1190 1274 1339 1353 insidiae,

291 1373 401 1439 tendit
432 1374 574 1460 laqueos,
606 1374 700 1440 dolos
733 1375 889 1455 intendit,
924 1376 1051 1465 spargit
1080 1375 1207 1464 lapides
1241 1376 1341 1443 offen-

291 1476 389 1541 sionis
410 1480 446 1543 et
466 1482 578 1564 petras
609 1478 763 1545 scandali
810 1478 876 1545 Sed
908 1480 999 1547 fraus
1030 1479 1137 1547 omnis
1168 1478 1340 1567 decipitur,

291 1578 399 1645 virtus
435 1580 542 1646 omnis
576 1580 714 1661 elicitur,
752 1581 898 1648 eluditur
932 1582 1039 1649 omnis
1072 1586 1216 1648 conatus.
1272 1580 1342 1647 Ed-

291 1682 439 1747 uardum
488 1684 579 1749 enim
627 1686 764 1773 regebat
808 1706 927 1751 manus
982 1685 1118 1763 excelsa,
1165 1707 1207 1750 ne
1252 1684 1339 1751 forte

292 1785 471 1852 offenderet
508 1787 552 1852 ad
588 1787 732 1874 lapidem
769 1788 887 1875 pedem
928 1810 1034 1855 suum.
1101 1788 1340 1853 Verumtamen

292 1893 332 1952 ut
367 1889 411 1953 ad
446 1889 649 1957 humilitatis
697 1891 881 1958 custodiam
926 1890 1138 1978 intelligeret,
1176 1895 1339 1977 quantum

291 1992 431 2077 propriis
466 1992 595 2059 viribus
637 1993 740 2059 fidere
783 2000 903 2081 posset,
942 1994 1023 2080 quid
1060 1993 1183 2059 etiam¹
1222 1993 1341 2079 gratiae

292 2092 425 2160 Divinae
445 2094 587 2173 deberet,
610 2097 754 2183 quadam
775 2098 848 2163 vice
869 2097 936 2163 sibi
958 2096 1135 2163 derelictus
1157 2098 1193 2161 in
1215 2100 1340 2183 puncto

291 2205 349 2280 est,
396 2200 440 2264 ad
495 2202 660 2268 modicum
712 2203 927 2289 temptandus
971 2203 1008 2267 in
1053 2203 1143 2268 hunc
1195 2202 1339 2268 modum.

293 2302 438 2370 Clientes
485 2304 650 2391 siquidem
693 2305 777 2392 regii
822 2310 993 2371 cernentes
1049 2306 1247 2371 exhaustum
1297 2306 1339 2369 iri

290 2405 459 2471 thesauros
495 2408 612 2493 regios,
642 2429 747 2494 pauca
776 2408 902 2488 inferri,
937 2408 1045 2474 efferri
1078 2408 1229 2494 plurima,
1266 2430 1340 2494 quae
1432 2476 1437 2483 ,

291 2528 352 2573 rex
387 2508 579 2575 benedictus
622 2509 658 2575 in
703 2510 793 2576 coelis
831 2510 896 2576 sibi
940 2511 1162 2578 thesaurizare
1199 2509 1339 2591 studuit,

291 2615 436 2701 mutuo'
462 2611 693 2699 loquebantur,
731 2613 876 2679 dicentes
919 2614 955 2679 in
999 2614 1176 2701 perniciem
1221 2613 1339 2699 patriae

291 2715 444 2799 pecuniae
474 2714 651 2803 profligari.
713 2714 908 2803 Proponunt
952 2716 1017 2782 sibi
1046 2715 1236 2803 repentinos
1266 2715 1340 2781 hos-

291 2820 379 2884 tium
410 2822 567 2887 incursus.
612 2822 777 2909 Expertos
809 2820 976 2887 Dacorum
999 2820 1145 2902 insidias,
1178 2820 1276 2908 regis,
1310 2822 1339 2885 si

290 2924 468 2990 deficerent
489 2925 617 3004 saeculi,
641 2925 902 3005 destitutionem,
925 2925 1019 3011 regni
1045 2925 1256 3004 eversionem,
1281 2924 1340 2989 hos

289 3024 327 3087 iu
358 3021 576 3088 satellitium⁹
609 3023 769 3109 nequitiae
802 3045 872 3090 suae
909 3025 1021 3110 praedo
1043 3022 1200 3110 pestilens
1233 3021 1337 3109 eligit,

291 3146 374 3212 quos
396 3127 439 3192 ad
460 3127 666 3214 propositum
688 3148 785 3192 suum
807 3126 967 3213 proclives
989 3125 1130 3190 invenit.
1177 3124 1340 3191 Accendit

290 3227 425 3308 animos,
448 3227 662 3316 cogitationes
694 3228 889 3310 inflammat,
921 3228 1096 3294 discrimen
1127 3226 1341 3293 formidatum

291 3337 476 3419 exaggerat,
512 3331 686 3397 consilium
723 3330 860 3395 tandem
898 3330 1050 3417 quamvis
1087 3330 1218 3396 salubre
1251 3331 1341 3394 viru-

290 3435 402 3500 lentus
438 3434 598 3500 insibilat.
648 3433 739 3514 Quid
776 3433 909 3499 multat
953 3434 1077 3522 Regem
1115 3434 1259 3510 adeunt3
1287 3455 1344 3498 ex-

292 3539 449 3603 haustum
492 3537 645 3604 aerarium
690 3543 895 3625 suggerunt3
940 3537 1071 3603 timoris
1115 3537 1167 3602 sui
1210 3558 1341 3602 causam

293 3647 472 3728 exponunt,
495 3638 751 3726 imminentique
781 3641 925 3727 periculo
956 3641 1091 3706 consilio
1123 3639 1248 3706 salubri
1270 3662 1342 3728 per-

290 3745 406 3810 hibent
440 3745 603 3810 maturius
634 3743 896 3825 occursandum
927 3748 1031 3830 utque
1065 3742 1154 3830 quod
1189 3765 1343 3830 concepe-

290 3852 369 3913 rant
412 3846 633 3933 parturiente
687 3845 829 3932 vectigal
883 3851 1109 3932 praetaxatum
1164 3847 1340 3912 consulunt

291 3951 498 4037 exigendum.
560 3949 708 4030 Quorum
753 3949 949 4015 instantiam
992 3971 1052 4014 rex
1089 3949 1182 4014 mitis
1220 3949 1343 4015 blanda

292 4053 412 4140 saepius
445 4053 654 4140 responsione
684 4053 854 4140 repellens,
882 4061 899 4088 “
913 4050 1015 4133 Qua,''
1049 4052 1170 4137 inquit,
1204 4057 1222 4088 “
1232 4051 1341 4116 fronte

294 4179 360 4241 quo
396 4157 477 4236 iure,
516 4178 582 4242 qua
627 4157 833 4232 conscientia,
870 4154 1052 4243 poterimus
1085 4177 1107 4219 a
1143 4153 1341 4239 pauperibus

295 4257 522 4344 Danegeldum
559 4259 698 4346 exigere,
730 4258 819 4344 quod
857 4257 958 4322 Dacis
995 4279 1054 4322 nec
1092 4254 1248 4321 debemus
1281 4278 1342 4321 nec

294 4361 445 4425 volumus
489 4361 697 4426 exhiberel”
756 4359 824 4426 Sed
860 4361 1039 4425 valuerunt
1076 4357 1175 4422 nimis
1210 4357 1342 4426 iteratae

291 4485 387 4528 voces
409 4484 529 4540 eorum,
552 4464 635 4528 adeo
657 4469 698 4529 ut
719 4485 780 4527 rex
802 4463 935 4528 illorum
956 4461 1073 4526 cedens
1094 4460 1340 4545 inportunitati,

327 4747 334 4776 ⁸
351 4747 437 4812 eflusa]
455 4747 531 4808 enim,
541 4745 600 4797 ΜΒ.
881 4743 892 4771 ’
905 4741 1062 4808 parturibat]
1081 4739 1226 4806 parturient,
1237 4739 1293 4790 MS.

326 4825 497 4892 'alodium
516 4825 657 4883 satellitum,
668 4823 724 4874 MS.
