3567 5800
396 882 443 930 os
465 879 578 929 orsus
599 881 723 931 asouu
744 880 944 931 suan-111.
968 863 1019 945 27,
1044 870 1094 931 28.
1217 870 1281 937 137

233 1068 324 1132 Nam
346 1067 383 1131 in
406 1068 464 1133 die'
479 1068 718 1155 purificationis
748 1070 856 1137 beatae
891 1072 1006 1137 Marisa
1030 1069 1178 1158 virginis,
1202 1071 1282 1134 dum

234 1175 322 1235 esset
342 1172 379 1235 in
400 1171 543 1249 ecclesia,
567 1178 729 1259 praesente
751 1174 899 1239 tumultu
933 1174 1081 1239 civitatis
1104 1196 1178 1239 oum
1209 1195 1284 1238 oan-

230 1271 314 1338 delis
336 1274 486 1352 accensis,
509 1275 701 1362 presbytero
722 1278 765 1341 ad
780 1277 921 1342 officium
944 1276 1058 1341 altoris
1075 1277 1281 1341 sollemniter

231 1377 331 1441 sacris
353 1377 554 1442 ornamentis
576 1379 744 1455 adornato,
768 1380 917 1443 omnium
940 1384 1077 1465 repente
1102 1378 1283 1443 luminaria

232 1500 291 1543 seu
328 1502 420 1544 casus
458 1480 527 1543 sive
560 1480 623 1545 Dei
656 1488 759 1547 nutus
795 1480 949 1546 extinxit.
1014 1481 1143 1561 Quibus
1180 1481 1284 1567 igitur

232 1582 435 1668 stupefactis,
459 1584 573 1647 matris
605 1583 774 1648 Dunstani
807 1606 917 1649 cereus
951 1584 1063 1649 subito
1097 1584 1210 1647 lumen
1232 1604 1283 1647 ac·
1296 1585 1422 1671 §Megl-

233 1685 330 1770 cepit,
364 1685 544 1770 caterisque
576 1686 699 1751 lumine
732 1686 970 1751 communicato
1002 1686 1209 1752 hilaritatem
1233 1708 1283 1751 re·
1297 1655 1450 1704 b³⁰''¹¹'⁹⁰'

233 1788 354 1852 stituit.
401 1788 482 1852 Eius
503 1811 654 1875 processu
668 1790 824 1875 temporis
839 1790 966 1854 cithara
986 1789 1105 1876 parieti
1128 1810 1283 1877 suspense

234 1891 307 1955 sine
334 1892 478 1956 humano
510 1897 611 1971 tactu,
647 1892 836 1958 “Gaudent
868 1892 905 1956 in
939 1892 1057 1971 ooelis,”
1089 1892 1282 1978 antiphonae

234 1994 411 2057 melodiam
432 1996 579 2060 suaviter
599 1995 779 2062 resonabat.
836 1995 899 2061 Ille
923 2018 1051 2081 quoque
1073 2016 1282 2081 quascunque

234 2096 360 2160 diaboli
381 2097 512 2163 fraudes
535 2097 659 2163 Divino
683 2098 809 2183 Spiritu
836 2098 1029 2183 praevidens,
1055 2098 1222 2163 diabolum
1246 2099 1281 2161 in
1295 2114 1410 2163 numan

1296 2183 1404 2245 tempted
1417 2181 1452 2245 by

235 2198 342 2285 specie
375 2200 600 2285 pulcherrimae
629 2196 778 2265 'mulieris
811 2201 855 2265 ad
888 2224 922 2265 so
956 2202 1145 2266 venientem
1178 2207 1211 2266 et
1247 2201 1283 2264 in
1297 2250 1338 2299 the
1350 2248 1423 2297 aevu.

234 2302 356 2389 spiritu
386 2302 611 2368 fornicationis
642 2303 738 2367 illum
768 2308 932 2389 temptare
966 2304 1143 2383 volentem,
1167 2304 1283 2389 ignitis

234 2405 413 2491 forcipibus
434 2428 493 2493 per
514 2429 631 2471 nasum
653 2407 800 2492 arripuit,
825 2412 859 2472 ot
881 2404 977 2471 illum
1000 2408 1131 2471 tamdiu
1162 2407 1281 2484 tenuit,

237 2508 342 2573 donec
379 2509 415 2572 in
453 2510 598 2575 diversas
630 2515 664 2575 et
695 2509 792 2574 valde
834 2509 999 2574 terribiles
1042 2513 1286 2575 transmutatus

236 2612 370 2689 formasa,
395 2612 483 2697 quod
506 2612 656 2677 diabolos
689 2615 774 2677 esset
805 2611 975 2676 evidenter·
1009 2612 1162 2676 ostendit.
1221 2611 1286 2691 Qui

236 2714 374 2779 tandem
406 2714 566 2791 dimissus
594 2737 702 2779 aerem
735 2714 972 2800 corrumpendo
1004 2714 1163 2792 turbavit,
1200 2713 1288 2801 quod

236 2817 468 2883 assistentibus
490 2818 579 2883 foeda
601 2816 743 2904 vestigia
764 2817 932 2882 discedens
954 2816 1098 2905 reliquit.

284 2922 397 3008 Igitur
418 2923 535 2987 beatus
568 2922 773 3001 Dunstanus,
797 2943 872 2986 oum
906 2926 1032 3007 septem
1064 2943 1179 3007 regum
1202 2926 1285 2986 tem-
1299 2935 1402 2985 Orbem.
1415 2949 1454 2999 ap.

237 3025 374 3112 poribus
405 3025 441 3088 in
472 3025 532 3090 hac
555 3025 627 3090 vita
660 3024 874 3111 perdurasset,
899 3048 936 3089 ac
967 3023 1072 3088 vitam
1105 3002 1454 3118 virtutibusssflfilffl‘·

238 3135 274 3194 et
297 3127 462 3192 miraculis
484 3127 615 3213 plenam
647 3127 834 3213 peregisset,
857 3126 1085 3192 transitoriam
1116 3126 1455 3213 praesentationem.

237 3233 323 3298 vitae
361 3231 509 3296 deserens
540 3229 654 3309 lucam,
689 3230 732 3295 ad
764 3231 869 3295 lucem
901 3231 999 3294 beata
1031 3235 1131 3314 atque
1164 3202 1434 3320 aeaemaflgfyfgjl’

237 3333 447 3399 iocunditate
469 3333 643 3420 praeditam
678 3333 839 3420 pervenit,
864 3332 923 3397 ubi
946 3333 1032 3398 slout
1055 3333 1103 3397 sol
1126 3353 1167 3396 ex
1197 3332 1290 3397 clari-

237 3443 313 3502 tate
352 3435 417 3501 Dei
454 3436 648 3524 resplendet,
689 3441 724 3501 et
761 3435 851 3500 diem
887 3441 1049 3500 aeternum
1087 3435 1289 3501 {eternaliter

237 3539 395 3627 possidet,
419 3561 504 3604 anno
537 3537 778 3625 patriarchatus
800 3539 852 3602 sui
886 3535 1051 3603 tricesimo
1074 3538 1181 3620 torti0,
1204 3539 1290 3603 nati·
1303 3565 1412 3618 Diesan.

238 3642 362 3707 vitatis
398 3663 466 3708 snae
509 3640 639 3707 circiter
685 3642 934 3729 septuagesimo,
974 3663 1048 3706 oum
1093 3642 1159 3706 iam
1204 3640 1341 3707 essetfflt·
1354 3635 1392 3684 ⁷⁰·

239 3745 392 3811 omnium
414 3744 579 3810 virtutum
613 3745 729 3832 plenus
761 3750 796 3810 et
827 3745 935 3811 Deum
962 3741 1099 3810 videndi
1132 3741 1290 3811 desiderio

211 3904 223 3948 ε
239 3847 411 3935 fatigatus.

633 4184 711 4251 CAP.
735 4185 901 4251 XXVIII.

305 4369 405 4458 Quod
423 4381 501 4463 post
523 4382 665 4442 maora
687 4375 799 4442 soracti
822 4374 1007 4441 Danstooo'
1030 4397 1147 4440 operies
1171 4396 1223 4440 res
1304 4407 1457 4475 opem,

415 4491 420 4497 '
452 4479 667 4544 contrarium
690 4486 822 4546 motum
844 4484 1073 4564 sraorpseruat
1300 4475 1457 4594 dubiosum

291 4654 385 4737 Posr
416 4676 554 4738 mortem
592 4691 669 4735 vero
713 4668 895 4736 beatissimi
933 4670 997 4735 viri
1036 4671 1204 4738 Duustani
1242 4671 1292 4738 ita

244 4797 360 4842 omnes
396 4796 448 4839 res
492 4775 529 4840 in
565 4796 665 4861 regno
703 4773 888 4862 Anglorum
926 4777 1126 4840 contrarium
1164 4781 1292 4842 motum

246 4883 467 4966 sumpserrmt,
490 4883 531 4944 ut
562 4877 729 4945 Dunstani
759 4882 900 4944 mo1tem
933 4877 1042 4944 omnio
1073 4879 1200 4958 deflere,
1228 4897 1289 4945 nec
