<?xml version="1.0" encoding="UTF-8"?>
<!DOCTYPE html PUBLIC "-//W3C//DTD XHTML 1.0 Transitional//EN"
    "http://www.w3.org/TR/xhtml1/DTD/xhtml1-transitional.dtd">
<html xmlns="http://www.w3.org/1999/xhtml" xml:lang="en" lang="en">
 <head>
  <title>
</title>
<meta http-equiv="Content-Type" content="text/html;charset=utf-8" />
  <meta name='ocr-system' content='tesseract 3.04.00' />
  <meta name='ocr-capabilities' content='ocr_page ocr_carea ocr_par ocr_line ocrx_word'/>
</head>
<body>
  <div class='ocr_page' id='page_1' title='image "./speculumhistori00mayogoog_0322.png"; bbox 0 0 3567 5800; ppageno 0'>
   <div class='ocr_carea' id='block_1_1' title="bbox 436 881 1265 946">
    <p class='ocr_par' dir='ltr' id='par_1_1' title="bbox 436 881 1265 946">
     <span class='ocr_line' id='line_1_1' title="bbox 436 881 1265 946; baseline -0.001 -1"><span class='ocrx_word' id='word_1_1' title='bbox 436 895 483 945; x_wconf 86' lang='lat' dir='ltr'><strong>nu</strong></span> <span class='ocrx_word' id='word_1_2' title='bbox 504 895 621 946; x_wconf 78' lang='lat' dir='ltr'><strong>ursus</strong></span> <span class='ocrx_word' id='word_1_3' title='bbox 643 895 765 946; x_wconf 81' lang='lat' dir='ltr'><strong>ancon</strong></span> <span class='ocrx_word' id='word_1_4' title='bbox 787 893 988 944; x_wconf 77' lang='lat' dir='ltr'><strong>suun-111.</strong></span> <span class='ocrx_word' id='word_1_5' title='bbox 1014 881 1063 944; x_wconf 82' lang='lat'><strong>28.</strong></span> <span class='ocrx_word' id='word_1_6' title='bbox 1205 881 1265 946; x_wconf 82' lang='lat'><strong>139</strong></span> 
     </span>
    </p>
   </div>
   <div class='ocr_carea' id='block_1_2' title="bbox 217 1079 1434 2008">
    <p class='ocr_par' dir='ltr' id='par_1_2' title="bbox 217 1079 1267 1378">
     <span class='ocr_line' id='line_1_2' title="bbox 217 1079 1267 1169; baseline 0 -25"><span class='ocrx_word' id='word_1_7' title='bbox 217 1081 398 1160; x_wconf 84' lang='lat' dir='ltr'><strong>civitatem,</strong></span> <span class='ocrx_word' id='word_1_8' title='bbox 437 1081 663 1162; x_wconf 75' lang='lat' dir='ltr'><strong>disoesserunt,</strong></span> <span class='ocrx_word' id='word_1_9' title='bbox 692 1089 799 1149; x_wconf 86' lang='lat' dir='ltr'><strong>totam</strong></span> <span class='ocrx_word' id='word_1_10' title='bbox 833 1083 1038 1169; x_wconf 86' lang='lat' dir='ltr'><strong>provinciam</strong></span> <span class='ocrx_word' id='word_1_11' title='bbox 1067 1081 1111 1146; x_wconf 89' lang='lat' dir='ltr'><strong>ab</strong></span> <span class='ocrx_word' id='word_1_12' title='bbox 1142 1079 1267 1146; x_wconf 87' lang='lat' dir='ltr'><strong>oriente</strong></span> 
     </span>
     <span class='ocr_line' id='line_1_3' title="bbox 217 1182 1267 1275; baseline -0.002 -27"><span class='ocrx_word' id='word_1_13' title='bbox 217 1184 439 1251; x_wconf 72' lang='lat' dir='ltr'><strong>devastantes.</strong></span> <span class='ocrx_word' id='word_1_14' title='bbox 494 1187 617 1275; x_wconf 87' lang='lat' dir='ltr'><strong>Regem</strong></span> <span class='ocrx_word' id='word_1_15' title='bbox 641 1187 772 1274; x_wconf 83' lang='lat' dir='ltr'><strong>Angliae</strong></span> <span class='ocrx_word' id='word_1_16' title='bbox 798 1186 1014 1252; x_wconf 86' lang='lat' dir='ltr'><strong>Ethelredum</strong></span> <span class='ocrx_word' id='word_1_17' title='bbox 1039 1185 1082 1250; x_wconf 87' lang='lat' dir='ltr'><strong>ad</strong></span> <span class='ocrx_word' id='word_1_18' title='bbox 1097 1182 1267 1270; x_wconf 86' lang='lat' dir='ltr'><strong>pecuniam</strong></span> 
     </span>
     <span class='ocr_line' id='line_1_4' title="bbox 218 1291 1141 1378; baseline -0.001 -21"><span class='ocrx_word' id='word_1_19' title='bbox 218 1291 385 1358; x_wconf 80' lang='lat' dir='ltr'><strong>sexdecim</strong></span> <span class='ocrx_word' id='word_1_20' title='bbox 407 1293 537 1358; x_wconf 88' lang='lat' dir='ltr'><strong>milium</strong></span> <span class='ocrx_word' id='word_1_21' title='bbox 561 1295 722 1359; x_wconf 87' lang='lat' dir='ltr'><strong>librarum</strong></span> <span class='ocrx_word' id='word_1_22' title='bbox 743 1294 933 1359; x_wconf 89' lang='lat' dir='ltr'><strong>solvendam</strong></span> <span class='ocrx_word' id='word_1_23' title='bbox 956 1295 1141 1378; x_wconf 84' lang='lat' dir='ltr'><strong>coegerunt</strong></span> 
     </span>
    </p>

    <p class='ocr_par' dir='ltr' id='par_1_3' title="bbox 218 1393 1434 2008">
     <span class='ocr_line' id='line_1_5' title="bbox 262 1393 1344 1484; baseline -0.006 -23"><span class='ocrx_word' id='word_1_24' title='bbox 262 1395 428 1462; x_wconf 62' lang='lat' dir='ltr'><strong>Praeerat</strong></span> <span class='ocrx_word' id='word_1_25' title='bbox 450 1396 525 1463; x_wconf 84' lang='lat' dir='ltr'><strong>duaa</strong></span> <span class='ocrx_word' id='word_1_26' title='bbox 547 1403 655 1484; x_wconf 87' lang='lat' dir='ltr'><strong>pestes</strong></span> <span class='ocrx_word' id='word_1_27' title='bbox 678 1395 864 1483; x_wconf 81' lang='lat' dir='ltr'><strong>Anglorum</strong></span> <span class='ocrx_word' id='word_1_28' title='bbox 885 1401 1025 1483; x_wconf 79' lang='lat' dir='ltr'><strong>gentem,</strong></span> <span class='ocrx_word' id='word_1_29' title='bbox 1057 1395 1162 1460; x_wconf 85' lang='lat' dir='ltr'><strong>febres</strong></span> <span class='ocrx_word' id='word_1_30' title='bbox 1184 1393 1344 1458; x_wconf 63' lang='lat' dir='ltr'><strong>scili-Flos</strong></span> 
     </span>
     <span class='ocr_line' id='line_1_6' title="bbox 218 1475 1415 1590; baseline -0.003 -27"><span class='ocrx_word' id='word_1_31' title='bbox 218 1507 270 1564; x_wconf 88' lang='lat' dir='ltr'><strong>oet</strong></span> <span class='ocrx_word' id='word_1_32' title='bbox 300 1499 473 1564; x_wconf 91' lang='lat' dir='ltr'><strong>hominum</strong></span> <span class='ocrx_word' id='word_1_33' title='bbox 495 1505 530 1565; x_wconf 90' lang='lat' dir='ltr'><strong>et</strong></span> <span class='ocrx_word' id='word_1_34' title='bbox 551 1500 736 1566; x_wconf 85' lang='lat' dir='ltr'><strong>mortalitas</strong></span> <span class='ocrx_word' id='word_1_35' title='bbox 765 1500 966 1580; x_wconf 84' lang='lat' dir='ltr'><strong>animalium,</strong></span> <span class='ocrx_word' id='word_1_36' title='bbox 1002 1497 1198 1574; x_wconf 82' lang='lat' dir='ltr'><strong>afflixerunt,</strong></span> <span class='ocrx_word' id='word_1_37' title='bbox 1233 1501 1268 1562; x_wconf 91' lang='lat' dir='ltr'><strong>et</strong></span> <span class='ocrx_word' id='word_1_38' title='bbox 1279 1475 1415 1590; x_wconf 53' lang='lat' dir='ltr'><strong>X¹ss⁰2¹3¹ffl</strong></span> 
     </span>
     <span class='ocr_line' id='line_1_7' title="bbox 219 1600 1434 1690; baseline -0.003 -23"><span class='ocrx_word' id='word_1_39' title='bbox 219 1601 311 1667; x_wconf 87' lang='lat' dir='ltr'><strong>clade</strong></span> <span class='ocrx_word' id='word_1_40' title='bbox 332 1603 503 1688; x_wconf 85' lang='lat' dir='ltr'><strong>pervalida</strong></span> <span class='ocrx_word' id='word_1_41' title='bbox 525 1607 595 1668; x_wconf 88' lang='lat' dir='ltr'><strong>tam</strong></span> <span class='ocrx_word' id='word_1_42' title='bbox 627 1603 785 1690; x_wconf 92' lang='lat' dir='ltr'><strong>populum</strong></span> <span class='ocrx_word' id='word_1_43' title='bbox 807 1601 976 1668; x_wconf 89' lang='lat' dir='ltr'><strong>afficiendo</strong></span> <span class='ocrx_word' id='word_1_44' title='bbox 1000 1623 1099 1687; x_wconf 87' lang='lat' dir='ltr'><strong>quam</strong></span> <span class='ocrx_word' id='word_1_45' title='bbox 1121 1600 1269 1664; x_wconf 88' lang='lat' dir='ltr'><strong>iumenta</strong></span> <span class='ocrx_word' id='word_1_46' title='bbox 1279 1608 1373 1686; x_wconf 70' lang='lat' dir='ltr'><strong>Plague</strong></span> <span class='ocrx_word' id='word_1_47' title='bbox 1385 1609 1434 1656; x_wconf 78' lang='lat' dir='ltr'><strong>ond</strong></span> 
     </span>
     <span class='ocr_line' id='line_1_8' title="bbox 220 1689 1397 1793; baseline -0.003 -22"><span class='ocrx_word' id='word_1_48' title='bbox 220 1707 438 1771; x_wconf 86' lang='lat' dir='ltr'><strong>consumendo</strong></span> <span class='ocrx_word' id='word_1_49' title='bbox 468 1729 527 1793; x_wconf 90' lang='lat' dir='ltr'><strong>per</strong></span> <span class='ocrx_word' id='word_1_50' title='bbox 548 1705 670 1772; x_wconf 80' lang='lat' dir='ltr'><strong>&#39;omnes</strong></span> <span class='ocrx_word' id='word_1_51' title='bbox 692 1708 774 1771; x_wconf 89' lang='lat' dir='ltr'><strong>fines</strong></span> <span class='ocrx_word' id='word_1_52' title='bbox 805 1706 899 1792; x_wconf 83' lang='lat' dir='ltr'><strong>regni</strong></span> <span class='ocrx_word' id='word_1_53' title='bbox 932 1705 1078 1791; x_wconf 81' lang='lat' dir='ltr'><strong>graviter</strong></span> <span class='ocrx_word' id='word_1_54' title='bbox 1109 1689 1397 1769; x_wconf 62' lang='lat' dir='ltr'><strong>cornuve-mum·</strong></span> 
     </span>
     <span class='ocr_line' id='line_1_9' title="bbox 220 1806 1351 1895; baseline -0.001 -21"><span class='ocrx_word' id='word_1_55' title='bbox 220 1814 306 1874; x_wconf 91' lang='lat' dir='ltr'><strong>runt.</strong></span> <span class='ocrx_word' id='word_1_56' title='bbox 377 1808 510 1874; x_wconf 81' lang='lat' dir='ltr'><strong>Interea</strong></span> <span class='ocrx_word' id='word_1_57' title='bbox 546 1814 615 1874; x_wconf 88' lang='lat' dir='ltr'><strong>tres</strong></span> <span class='ocrx_word' id='word_1_58' title='bbox 653 1809 826 1874; x_wconf 88' lang='lat' dir='ltr'><strong>Danorum</strong></span> <span class='ocrx_word' id='word_1_59' title='bbox 866 1807 1050 1895; x_wconf 81' lang='lat' dir='ltr'><strong>piratarum</strong></span> <span class='ocrx_word' id='word_1_60' title='bbox 1088 1828 1188 1872; x_wconf 85' lang='lat' dir='ltr'><strong>naves</strong></span> <span class='ocrx_word' id='word_1_61' title='bbox 1232 1806 1351 1883; x_wconf 74' lang='lat' dir='ltr'><strong>inuio..</strong></span> 
     </span>
     <span class='ocr_line' id='line_1_10' title="bbox 220 1890 1415 2008; baseline -0.003 -31"><span class='ocrx_word' id='word_1_62' title='bbox 220 1911 388 1998; x_wconf 89' lang='lat' dir='ltr'><strong>provincia</strong></span> <span class='ocrx_word' id='word_1_63' title='bbox 410 1912 656 1978; x_wconf 86' lang='lat' dir='ltr'><strong>Dorsetensium</strong></span> <span class='ocrx_word' id='word_1_64' title='bbox 680 1912 890 1999; x_wconf 80' lang='lat' dir='ltr'><strong>applicantes,</strong></span> <span class='ocrx_word' id='word_1_65' title='bbox 915 1911 1139 1978; x_wconf 82' lang='lat' dir='ltr'><strong>Portlundiarn</strong></span> <span class='ocrx_word' id='word_1_66' title='bbox 1162 1915 1267 1976; x_wconf 88' lang='lat' dir='ltr'><strong>totam</strong></span> <span class='ocrx_word' id='word_1_67' title='bbox 1279 1890 1415 2008; x_wconf 54' lang='lat' dir='ltr'><strong>ssfflff·</strong></span> 
     </span>
    </p>
   </div>
   <div class='ocr_carea' id='block_1_3' title="bbox 220 2015 1404 2102">
    <p class='ocr_par' dir='ltr' id='par_1_4' title="bbox 220 2015 1404 2102">
     <span class='ocr_line' id='line_1_11' title="bbox 220 2015 1404 2102; baseline -0.006 -22"><span class='ocrx_word' id='word_1_68' title='bbox 220 2020 444 2097; x_wconf 82' lang='lat' dir='ltr'><strong>vastaverunt,</strong></span> <span class='ocrx_word' id='word_1_69' title='bbox 467 2021 503 2081; x_wconf 90' lang='lat' dir='ltr'><strong>et</strong></span> <span class='ocrx_word' id='word_1_70' title='bbox 524 2016 568 2080; x_wconf 88' lang='lat' dir='ltr'><strong>ad</strong></span> <span class='ocrx_word' id='word_1_71' title='bbox 589 2036 690 2082; x_wconf 89' lang='lat' dir='ltr'><strong>naves</strong></span> <span class='ocrx_word' id='word_1_72' title='bbox 712 2015 912 2102; x_wconf 79' lang='lat' dir='ltr'><strong>refugerunt.</strong></span> <span class='ocrx_word' id='word_1_73' title='bbox 1278 2023 1404 2074; x_wconf 73' lang='lat' dir='ltr'><strong>Portuno.</strong></span> 
     </span>
    </p>
   </div>
   <div class='ocr_carea' id='block_1_4' title="bbox 277 2332 1213 2421">
    <p class='ocr_par' dir='ltr' id='par_1_5' title="bbox 277 2332 1213 2421">
     <span class='ocr_line' id='line_1_12' title="bbox 277 2332 1213 2421; baseline -0.003 -20"><span class='ocrx_word' id='word_1_74' title='bbox 277 2333 528 2401; x_wconf 76' lang='lat' dir='ltr'><strong>Cors&#39;rnsumo.</strong></span> <span class='ocrx_word' id='word_1_75' title='bbox 576 2333 674 2415; x_wconf 80' lang='lat' dir='ltr'><strong>Quod</strong></span> <span class='ocrx_word' id='word_1_76' title='bbox 703 2355 762 2400; x_wconf 76' lang='lat' dir='ltr'><strong>rec</strong></span> <span class='ocrx_word' id='word_1_77' title='bbox 787 2333 973 2400; x_wconf 76' lang='lat' dir='ltr'><strong>Dacorum</strong></span> <span class='ocrx_word' id='word_1_78' title='bbox 1004 2332 1213 2421; x_wconf 70' lang='lat' dir='ltr'><strong>Asclepios</strong></span> 
     </span>
    </p>
   </div>
   <div class='ocr_carea' id='block_1_5' title="bbox 199 2431 1436 3565">
    <p class='ocr_par' dir='ltr' id='par_1_6' title="bbox 199 2431 1435 3253">
     <span class='ocr_line' id='line_1_13' title="bbox 199 2431 920 2533; baseline 0 -21"><span class='ocrx_word' id='word_1_79' title='bbox 199 2431 216 2471; x_wconf 41' lang='grc' dir='ltr'><strong>ἱ</strong></span> <span class='ocrx_word' id='word_1_80' title='bbox 563 2447 685 2533; x_wconf 78' lang='lat' dir='ltr'><strong>fuerat</strong></span> <span class='ocrx_word' id='word_1_81' title='bbox 722 2446 920 2532; x_wconf 74' lang='lat' dir='ltr'><strong>baptizatus.</strong></span> 
     </span>
     <span class='ocr_line' id='line_1_14' title="bbox 267 2647 1352 2736; baseline 0.005 -24"><span class='ocrx_word' id='word_1_82' title='bbox 267 2648 347 2712; x_wconf 76' lang='lat' dir='ltr'><strong>Rnx</strong></span> <span class='ocrx_word' id='word_1_83' title='bbox 360 2649 545 2736; x_wconf 81' lang='lat' dir='ltr'><strong>Anglorum</strong></span> <span class='ocrx_word' id='word_1_84' title='bbox 561 2647 759 2715; x_wconf 88' lang='lat' dir='ltr'><strong>Ethelredus</strong></span> <span class='ocrx_word' id='word_1_85' title='bbox 782 2649 868 2715; x_wconf 88' lang='lat' dir='ltr'><strong>datis</strong></span> <span class='ocrx_word' id='word_1_86' title='bbox 890 2647 1059 2715; x_wconf 88' lang='lat' dir='ltr'><strong>obsidibus</strong></span> <span class='ocrx_word' id='word_1_87' title='bbox 1081 2649 1159 2716; x_wconf 82' lang='lat' dir='ltr'><strong>fecit</strong></span> <span class='ocrx_word' id='word_1_88' title='bbox 1180 2649 1352 2718; x_wconf 78' lang='lat' dir='ltr'><strong>Ana-will.</strong></span> 
     </span>
     <span class='ocr_line' id='line_1_15' title="bbox 220 2735 1411 2868; baseline 0.003 -53"><span class='ocrx_word' id='word_1_89' title='bbox 220 2749 357 2836; x_wconf 83' lang='lat' dir='ltr'><strong>laphum</strong></span> <span class='ocrx_word' id='word_1_90' title='bbox 372 2753 541 2816; x_wconf 89' lang='lat' dir='ltr'><strong>Danorum</strong></span> <span class='ocrx_word' id='word_1_91' title='bbox 554 2773 665 2839; x_wconf 83' lang='lat' dir='ltr'><strong>regem</strong></span> <span class='ocrx_word' id='word_1_92' title='bbox 680 2751 722 2817; x_wconf 89' lang='lat' dir='ltr'><strong>ad</strong></span> <span class='ocrx_word' id='word_1_93' title='bbox 737 2773 771 2817; x_wconf 89' lang='lat' dir='ltr'><strong>se</strong></span> <span class='ocrx_word' id='word_1_94' title='bbox 785 2751 904 2818; x_wconf 89' lang='lat' dir='ltr'><strong>venire.</strong></span> <span class='ocrx_word' id='word_1_95' title='bbox 952 2753 1055 2833; x_wconf 83' lang='lat' dir='ltr'><strong>Quem</strong></span> <span class='ocrx_word' id='word_1_96' title='bbox 1064 2753 1269 2840; x_wconf 87' lang='lat' dir='ltr'><strong>baptizatum</strong></span> <span class='ocrx_word' id='word_1_97' title='bbox 1280 2735 1411 2868; x_wconf 50' lang='grc' dir='ltr'><em>ξᾟῗξ·</em></span> 
     </span>
     <span class='ocr_line' id='line_1_16' title="bbox 221 2837 1428 2943; baseline 0 -24"><span class='ocrx_word' id='word_1_98' title='bbox 221 2852 261 2919; x_wconf 90' lang='lat' dir='ltr'><strong>de</strong></span> <span class='ocrx_word' id='word_1_99' title='bbox 283 2875 374 2919; x_wconf 89' lang='lat' dir='ltr'><strong>sacro</strong></span> <span class='ocrx_word' id='word_1_100' title='bbox 395 2855 489 2921; x_wconf 86' lang='lat' dir='ltr'><strong>fonte</strong></span> <span class='ocrx_word' id='word_1_101' title='bbox 510 2854 662 2943; x_wconf 80' lang='lat' dir='ltr'><strong>suscepit,</strong></span> <span class='ocrx_word' id='word_1_102' title='bbox 685 2861 720 2921; x_wconf 90' lang='lat' dir='ltr'><strong>et</strong></span> <span class='ocrx_word' id='word_1_103' title='bbox 740 2854 843 2943; x_wconf 80' lang='lat' dir='ltr'><strong>regali</strong></span> <span class='ocrx_word' id='word_1_104' title='bbox 865 2856 1089 2921; x_wconf 87' lang='lat' dir='ltr'><strong>munificentia</strong></span> <span class='ocrx_word' id='word_1_105' title='bbox 1111 2857 1270 2923; x_wconf 86' lang='lat' dir='ltr'><strong>donatum</strong></span> <span class='ocrx_word' id='word_1_106' title='bbox 1281 2885 1306 2935; x_wconf 87' lang='lat' dir='ltr'><strong>p.</strong></span> <span class='ocrx_word' id='word_1_107' title='bbox 1317 2874 1365 2919; x_wconf 78' lang='lat'><strong>264</strong></span> <span class='ocrx_word' id='word_1_108' title='bbox 1378 2837 1428 2933; x_wconf 72' lang='lat' dir='ltr'><strong>riq.</strong></span> 
     </span>
     <span class='ocr_line' id='line_1_17' title="bbox 221 2959 1435 3045; baseline 0.003 -23"><span class='ocrx_word' id='word_1_109' title='bbox 221 2962 422 3023; x_wconf 70' lang='lat' dir='ltr'><strong>santamente</strong></span> <span class='ocrx_word' id='word_1_110' title='bbox 462 2959 670 3039; x_wconf 83' lang='lat' dir='ltr'><strong>constrinxit,</strong></span> <span class='ocrx_word' id='word_1_111' title='bbox 714 2981 756 3024; x_wconf 90' lang='lat' dir='ltr'><strong>ne</strong></span> <span class='ocrx_word' id='word_1_112' title='bbox 792 2980 938 3045; x_wconf 89' lang='lat' dir='ltr'><strong>unquam</strong></span> <span class='ocrx_word' id='word_1_113' title='bbox 974 2964 1195 3025; x_wconf 88' lang='lat' dir='ltr'><strong>reverteretur</strong></span> <span class='ocrx_word' id='word_1_114' title='bbox 1214 2961 1267 3025; x_wconf 58' lang='lat' dir='ltr'><strong>&gt;in</strong></span> <span class='ocrx_word' id='word_1_115' title='bbox 1280 2961 1435 3026; x_wconf 78' lang='lat' dir='ltr'><strong>Baptismof</strong></span> 
     </span>
     <span class='ocr_line' id='line_1_18' title="bbox 222 3030 1406 3161; baseline 0.003 -37"><span class='ocrx_word' id='word_1_116' title='bbox 222 3060 386 3147; x_wconf 83' lang='lat' dir='ltr'><strong>Angliam.</strong></span> <span class='ocrx_word' id='word_1_117' title='bbox 437 3060 503 3126; x_wconf 87' lang='lat' dir='ltr'><strong>Sed</strong></span> <span class='ocrx_word' id='word_1_118' title='bbox 525 3083 592 3126; x_wconf 90' lang='lat' dir='ltr'><strong>non</strong></span> <span class='ocrx_word' id='word_1_119' title='bbox 614 3062 659 3127; x_wconf 90' lang='lat' dir='ltr'><strong>sic</strong></span> <span class='ocrx_word' id='word_1_120' title='bbox 681 3062 804 3127; x_wconf 87' lang='lat' dir='ltr'><strong>malum</strong></span> <span class='ocrx_word' id='word_1_121' title='bbox 828 3062 964 3147; x_wconf 84' lang='lat' dir='ltr'><strong>quievit</strong></span> <span class='ocrx_word' id='word_1_122' title='bbox 1022 3062 1111 3128; x_wconf 89' lang='lat' dir='ltr'><strong>Nom</strong></span> <span class='ocrx_word' id='word_1_123' title='bbox 1134 3086 1267 3151; x_wconf 90' lang='lat' dir='ltr'><strong>semper,</strong></span> <span class='ocrx_word' id='word_1_124' title='bbox 1280 3030 1406 3161; x_wconf 52' lang='lat' dir='ltr'><strong>fflffih&#39;</strong></span> 
     </span>
     <span class='ocr_line' id='line_1_19' title="bbox 222 3162 1425 3253; baseline 0.005 -27"><span class='ocrx_word' id='word_1_125' title='bbox 222 3168 262 3227; x_wconf 89' lang='lat' dir='ltr'><strong>ut</strong></span> <span class='ocrx_word' id='word_1_126' title='bbox 296 3163 413 3249; x_wconf 85' lang='lat' dir='ltr'><strong>hydrae</strong></span> <span class='ocrx_word' id='word_1_127' title='bbox 436 3164 606 3251; x_wconf 88' lang='lat' dir='ltr'><strong>capitibus,</strong></span> <span class='ocrx_word' id='word_1_128' title='bbox 641 3164 791 3229; x_wconf 85' lang='lat' dir='ltr'><strong>hostibus</strong></span> <span class='ocrx_word' id='word_1_129' title='bbox 823 3188 865 3230; x_wconf 86' lang='lat' dir='ltr'><strong>ex</strong></span> <span class='ocrx_word' id='word_1_130' title='bbox 888 3165 1128 3231; x_wconf 86' lang='lat' dir='ltr'><strong>Dauemarchio</strong></span> <span class='ocrx_word' id='word_1_131' title='bbox 1160 3166 1268 3253; x_wconf 91' lang='lat' dir='ltr'><strong>pullu·</strong></span> <span class='ocrx_word' id='word_1_132' title='bbox 1283 3162 1425 3213; x_wconf 78' lang='lat' dir='ltr'><strong>ueDanes.</strong></span> 
     </span>
    </p>

    <p class='ocr_par' dir='ltr' id='par_1_7' title="bbox 222 3265 1436 3565">
     <span class='ocr_line' id='line_1_20' title="bbox 222 3265 1270 3356; baseline 0.003 -25"><span class='ocrx_word' id='word_1_133' title='bbox 222 3265 377 3344; x_wconf 83' lang='lat' dir='ltr'><strong>lantibus,</strong></span> <span class='ocrx_word' id='word_1_134' title='bbox 414 3288 578 3353; x_wconf 86' lang='lat' dir='ltr'><strong>nusquam</strong></span> <span class='ocrx_word' id='word_1_135' title='bbox 615 3267 724 3333; x_wconf 79' lang='lat' dir='ltr'><strong>caveri</strong></span> <span class='ocrx_word' id='word_1_136' title='bbox 760 3273 897 3355; x_wconf 86' lang='lat' dir='ltr'><strong>poterat</strong></span> <span class='ocrx_word' id='word_1_137' title='bbox 944 3267 1161 3334; x_wconf 87' lang='lat' dir='ltr'><strong>Occidentalis</strong></span> <span class='ocrx_word' id='word_1_138' title='bbox 1195 3290 1270 3356; x_wconf 92' lang='lat' dir='ltr'><strong>pro-</strong></span> 
     </span>
     <span class='ocr_line' id='line_1_21' title="bbox 222 3369 1268 3456; baseline 0.004 -22"><span class='ocrx_word' id='word_1_139' title='bbox 222 3370 341 3451; x_wconf 90' lang='lat' dir='ltr'><strong>vincia,</strong></span> <span class='ocrx_word' id='word_1_140' title='bbox 375 3392 449 3456; x_wconf 89' lang='lat' dir='ltr'><strong>quae</strong></span> <span class='ocrx_word' id='word_1_141' title='bbox 482 3369 722 3436; x_wconf 89' lang='lat' dir='ltr'><strong>Deveneschira</strong></span> <span class='ocrx_word' id='word_1_142' title='bbox 755 3376 901 3449; x_wconf 84' lang='lat' dir='ltr'><strong>vocatm,</strong></span> <span class='ocrx_word' id='word_1_143' title='bbox 946 3372 1060 3437; x_wconf 88' lang='lat' dir='ltr'><strong>extitit</strong></span> <span class='ocrx_word' id='word_1_144' title='bbox 1094 3372 1268 3455; x_wconf 85' lang='lat' dir='ltr'><strong>destructa,</strong></span> 
     </span>
     <span class='ocr_line' id='line_1_22' title="bbox 223 3472 1436 3565; baseline 0.012 -28"><span class='ocrx_word' id='word_1_145' title='bbox 223 3474 345 3538; x_wconf 88' lang='lat' dir='ltr'><strong>eversis</strong></span> <span class='ocrx_word' id='word_1_146' title='bbox 368 3473 508 3538; x_wconf 87' lang='lat' dir='ltr'><strong>ecclesiis</strong></span> <span class='ocrx_word' id='word_1_147' title='bbox 530 3479 565 3539; x_wconf 89' lang='lat' dir='ltr'><strong>et</strong></span> <span class='ocrx_word' id='word_1_148' title='bbox 586 3472 794 3539; x_wconf 84' lang='lat' dir='ltr'><strong>monasteriis</strong></span> <span class='ocrx_word' id='word_1_149' title='bbox 817 3483 850 3540; x_wconf 90' lang='lat' dir='ltr'><strong>et</strong></span> <span class='ocrx_word' id='word_1_150' title='bbox 871 3473 1003 3541; x_wconf 87' lang='lat' dir='ltr'><strong>Exonia</strong></span> <span class='ocrx_word' id='word_1_151' title='bbox 1024 3476 1105 3541; x_wconf 91' lang='lat' dir='ltr'><strong>urbe</strong></span> <span class='ocrx_word' id='word_1_152' title='bbox 1127 3476 1267 3543; x_wconf 80' lang='lat' dir='ltr'><strong>incensa</strong></span> <span class='ocrx_word' id='word_1_153' title='bbox 1283 3498 1436 3565; x_wconf 74' lang='lat' dir='ltr'><strong>Ramingos</strong></span> 
     </span>
    </p>
   </div>
   <div class='ocr_carea' id='block_1_6' title="bbox 223 3568 1437 3685">
    <p class='ocr_par' dir='ltr' id='par_1_8' title="bbox 223 3568 1437 3685">
     <span class='ocr_line' id='line_1_23' title="bbox 223 3568 1437 3685; baseline 0.002 -45"><span class='ocrx_word' id='word_1_154' title='bbox 223 3574 345 3640; x_wconf 84' lang='lat' dir='ltr'><strong>Cantia</strong></span> <span class='ocrx_word' id='word_1_155' title='bbox 382 3576 619 3662; x_wconf 81' lang='lat' dir='ltr'><strong>depraedationi</strong></span> <span class='ocrx_word' id='word_1_156' title='bbox 657 3576 744 3655; x_wconf 87' lang='lat' dir='ltr'><strong>data,</strong></span> <span class='ocrx_word' id='word_1_157' title='bbox 782 3578 861 3643; x_wconf 85' lang='lat' dir='ltr'><strong>urbs</strong></span> <span class='ocrx_word' id='word_1_158' title='bbox 891 3578 1082 3666; x_wconf 89' lang='lat' dir='ltr'><strong>metropolis</strong></span> <span class='ocrx_word' id='word_1_159' title='bbox 1113 3585 1147 3645; x_wconf 89' lang='lat' dir='ltr'><strong>ct</strong></span> <span class='ocrx_word' id='word_1_160' title='bbox 1179 3580 1270 3646; x_wconf 90' lang='lat' dir='ltr'><strong>sedes</strong></span> <span class='ocrx_word' id='word_1_161' title='bbox 1284 3568 1437 3685; x_wconf 42' lang='grc' dir='ltr'>ἓξὲξ-Μ</span> 
     </span>
    </p>
   </div>
   <div class='ocr_carea' id='block_1_7' title="bbox 223 3677 1439 4902">
    <p class='ocr_par' dir='ltr' id='par_1_9' title="bbox 223 3677 1439 4384">
     <span class='ocr_line' id='line_1_24' title="bbox 223 3677 1354 3770; baseline 0.009 -28"><span class='ocrx_word' id='word_1_162' title='bbox 223 3677 450 3763; x_wconf 78' lang='lat' dir='ltr'><strong>patriarchalis</strong></span> <span class='ocrx_word' id='word_1_163' title='bbox 471 3680 670 3765; x_wconf 83' lang='lat' dir='ltr'><strong>conflagrata</strong></span> <span class='ocrx_word' id='word_1_164' title='bbox 691 3678 763 3745; x_wconf 76' lang='lat' dir='ltr'><strong>trit</strong></span> <span class='ocrx_word' id='word_1_165' title='bbox 825 3680 902 3768; x_wconf 91' lang='lat' dir='ltr'><strong>Ipse</strong></span> <span class='ocrx_word' id='word_1_166' title='bbox 925 3702 1054 3769; x_wconf 91' lang='lat' dir='ltr'><strong>quoquc</strong></span> <span class='ocrx_word' id='word_1_167' title='bbox 1076 3684 1268 3770; x_wconf 88' lang='lat' dir='ltr'><strong>patriarcha,</strong></span> <span class='ocrx_word' id='word_1_168' title='bbox 1282 3704 1354 3768; x_wconf 77' lang='lat' dir='ltr'><strong>bury.</strong></span> 
     </span>
     <span class='ocr_line' id='line_1_25' title="bbox 223 3781 1439 3875; baseline 0.012 -29"><span class='ocrx_word' id='word_1_169' title='bbox 223 3785 355 3846; x_wconf 86' lang='lat' dir='ltr'><strong>sanctus</strong></span> <span class='ocrx_word' id='word_1_170' title='bbox 377 3784 413 3846; x_wconf 90' lang='lat' dir='ltr'><strong>et</strong></span> <span class='ocrx_word' id='word_1_171' title='bbox 433 3781 717 3847; x_wconf 87' lang='lat' dir='ltr'><strong>reverentissimus</strong></span> <span class='ocrx_word' id='word_1_172' title='bbox 739 3783 792 3848; x_wconf 91' lang='lat' dir='ltr'><strong>vir</strong></span> <span class='ocrx_word' id='word_1_173' title='bbox 812 3783 1071 3872; x_wconf 83' lang='lat' dir='ltr'><strong>archiepiscopus</strong></span> <span class='ocrx_word' id='word_1_174' title='bbox 1093 3786 1270 3875; x_wconf 84' lang='lat' dir='ltr'><strong>Alphegus,</strong></span> <span class='ocrx_word' id='word_1_175' title='bbox 1283 3795 1439 3859; x_wconf 67' lang='lat' dir='ltr'><strong>andom</strong></span> 
     </span>
     <span class='ocr_line' id='line_1_26' title="bbox 223 3863 1416 3979; baseline 0.008 -32"><span class='ocrx_word' id='word_1_176' title='bbox 223 3898 281 3969; x_wconf 89' lang='lat' dir='ltr'><strong>per</strong></span> <span class='ocrx_word' id='word_1_177' title='bbox 304 3882 417 3949; x_wconf 87' lang='lat' dir='ltr'><strong>Dauos</strong></span> <span class='ocrx_word' id='word_1_178' title='bbox 448 3883 610 3950; x_wconf 86' lang='lat' dir='ltr'><strong>abductus</strong></span> <span class='ocrx_word' id='word_1_179' title='bbox 641 3889 676 3949; x_wconf 86' lang='lat' dir='ltr'><strong>et</strong></span> <span class='ocrx_word' id='word_1_180' title='bbox 708 3884 746 3951; x_wconf 91' lang='lat' dir='ltr'><strong>in</strong></span> <span class='ocrx_word' id='word_1_181' title='bbox 774 3886 916 3952; x_wconf 87' lang='lat' dir='ltr'><strong>vinculis</strong></span> <span class='ocrx_word' id='word_1_182' title='bbox 949 3892 1062 3954; x_wconf 89' lang='lat' dir='ltr'><strong>tentus</strong></span> <span class='ocrx_word' id='word_1_183' title='bbox 1084 3890 1156 3955; x_wconf 84' lang='lat' dir='ltr'><strong>fuit.</strong></span> <span class='ocrx_word' id='word_1_184' title='bbox 1214 3890 1270 3956; x_wconf 89' lang='lat' dir='ltr'><strong>Ad</strong></span> <span class='ocrx_word' id='word_1_185' title='bbox 1284 3863 1416 3979; x_wconf 37' lang='lat' dir='ltr'><strong>miii&amp;</strong></span> 
     </span>
     <span class='ocr_line' id='line_1_27' title="bbox 223 3944 1438 4078; baseline 0.007 -27"><span class='ocrx_word' id='word_1_186' title='bbox 223 3991 416 4068; x_wconf 85' lang='lat' dir='ltr'><strong>extremum,</strong></span> <span class='ocrx_word' id='word_1_187' title='bbox 451 4008 526 4053; x_wconf 90' lang='lat' dir='ltr'><strong>cum</strong></span> <span class='ocrx_word' id='word_1_188' title='bbox 555 3986 694 4054; x_wconf 88' lang='lat' dir='ltr'><strong>rusticos</strong></span> <span class='ocrx_word' id='word_1_189' title='bbox 715 4010 790 4055; x_wconf 86' lang='lat' dir='ltr'><strong>suos</strong></span> <span class='ocrx_word' id='word_1_190' title='bbox 811 3990 957 4078; x_wconf 81' lang='lat' dir='ltr'><strong>expilare</strong></span> <span class='ocrx_word' id='word_1_191' title='bbox 979 3991 1022 4057; x_wconf 89' lang='lat' dir='ltr'><strong>ad</strong></span> <span class='ocrx_word' id='word_1_192' title='bbox 1044 4014 1078 4058; x_wconf 88' lang='lat' dir='ltr'><strong>se</strong></span> <span class='ocrx_word' id='word_1_193' title='bbox 1109 3944 1438 4075; x_wconf 40' lang='lat' dir='ltr'><strong>remman-dudelino</strong></span> 
     </span>
     <span class='ocr_line' id='line_1_28' title="bbox 224 4068 1439 4181; baseline 0.008 -28"><span class='ocrx_word' id='word_1_194' title='bbox 224 4089 303 4155; x_wconf 91' lang='lat' dir='ltr'><strong>dum</strong></span> <span class='ocrx_word' id='word_1_195' title='bbox 324 4094 502 4177; x_wconf 83' lang='lat' dir='ltr'><strong>cogeretur,</strong></span> <span class='ocrx_word' id='word_1_196' title='bbox 526 4095 561 4156; x_wconf 91' lang='lat' dir='ltr'><strong>et</strong></span> <span class='ocrx_word' id='word_1_197' title='bbox 582 4092 762 4170; x_wconf 86' lang='lat' dir='ltr'><strong>abnueret3</strong></span> <span class='ocrx_word' id='word_1_198' title='bbox 797 4092 904 4179; x_wconf 89' lang='lat' dir='ltr'><strong>primo</strong></span> <span class='ocrx_word' id='word_1_199' title='bbox 925 4092 1091 4181; x_wconf 87' lang='lat' dir='ltr'><strong>lapidatus</strong></span> <span class='ocrx_word' id='word_1_200' title='bbox 1113 4118 1134 4161; x_wconf 90' lang='lat' dir='ltr'><strong>a</strong></span> <span class='ocrx_word' id='word_1_201' title='bbox 1156 4096 1268 4175; x_wconf 90' lang='lat' dir='ltr'><strong>Donis,</strong></span> <span class='ocrx_word' id='word_1_202' title='bbox 1281 4068 1439 4112; x_wconf 71' lang='lat'>¹¹&#39;¹³⁵&#39;¹⁴¹‘</span> 
     </span>
     <span class='ocr_line' id='line_1_29' title="bbox 225 4191 1269 4281; baseline 0.009 -25"><span class='ocrx_word' id='word_1_203' title='bbox 225 4191 343 4258; x_wconf 92' lang='lat' dir='ltr'><strong>deinde</strong></span> <span class='ocrx_word' id='word_1_204' title='bbox 365 4193 408 4257; x_wconf 93' lang='lat' dir='ltr'><strong>ab</strong></span> <span class='ocrx_word' id='word_1_205' title='bbox 430 4192 552 4259; x_wconf 84' lang='lat' dir='ltr'><strong>eisdem</strong></span> <span class='ocrx_word' id='word_1_206' title='bbox 583 4194 688 4260; x_wconf 90' lang='lat' dir='ltr'><strong>securi</strong></span> <span class='ocrx_word' id='word_1_207' title='bbox 720 4214 897 4281; x_wconf 88' lang='lat' dir='ltr'><strong>percussus,</strong></span> <span class='ocrx_word' id='word_1_208' title='bbox 931 4197 1043 4262; x_wconf 89' lang='lat' dir='ltr'><strong>anima</strong></span> <span class='ocrx_word' id='word_1_209' title='bbox 1072 4220 1132 4264; x_wconf 89' lang='lat' dir='ltr'><strong>sua</strong></span> <span class='ocrx_word' id='word_1_210' title='bbox 1153 4199 1269 4265; x_wconf 88' lang='lat' dir='ltr'><strong>coelum</strong></span> 
     </span>
     <span class='ocr_line' id='line_1_30' title="bbox 226 4294 1274 4384; baseline 0.01 -25"><span class='ocrx_word' id='word_1_211' title='bbox 226 4294 430 4381; x_wconf 81' lang='lat' dir='ltr'><strong>glorificavit.</strong></span> <span class='ocrx_word' id='word_1_212' title='bbox 489 4295 639 4362; x_wconf 86' lang='lat' dir='ltr'><strong>Occisum</strong></span> <span class='ocrx_word' id='word_1_213' title='bbox 661 4318 740 4362; x_wconf 89' lang='lat' dir='ltr'><strong>vero</strong></span> <span class='ocrx_word' id='word_1_214' title='bbox 763 4296 852 4363; x_wconf 89' lang='lat' dir='ltr'><strong>Deus</strong></span> <span class='ocrx_word' id='word_1_215' title='bbox 880 4297 1098 4384; x_wconf 90' lang='lat' dir='ltr'><strong>sublimavit;</strong></span> <span class='ocrx_word' id='word_1_216' title='bbox 1131 4302 1212 4369; x_wconf 88' lang='lat' dir='ltr'><strong>adeo</strong></span> <span class='ocrx_word' id='word_1_217' title='bbox 1234 4309 1274 4370; x_wconf 90' lang='lat' dir='ltr'><strong>ut</strong></span> 
     </span>
    </p>

    <p class='ocr_par' dir='ltr' id='par_1_10' title="bbox 227 4396 1274 4490">
     <span class='ocr_line' id='line_1_31' title="bbox 227 4396 1274 4490; baseline 0.012 -30"><span class='ocrx_word' id='word_1_218' title='bbox 227 4396 323 4476; x_wconf 86' lang='lat' dir='ltr'><strong>Dani,</strong></span> <span class='ocrx_word' id='word_1_219' title='bbox 354 4398 413 4484; x_wconf 91' lang='lat' dir='ltr'><strong>qui</strong></span> <span class='ocrx_word' id='word_1_220' title='bbox 444 4396 480 4462; x_wconf 87' lang='lat' dir='ltr'><strong>in</strong></span> <span class='ocrx_word' id='word_1_221' title='bbox 501 4420 616 4465; x_wconf 90' lang='lat' dir='ltr'><strong>necem</strong></span> <span class='ocrx_word' id='word_1_222' title='bbox 645 4398 717 4466; x_wconf 84' lang='lat' dir='ltr'><strong>eius</strong></span> <span class='ocrx_word' id='word_1_223' title='bbox 739 4401 872 4466; x_wconf 81' lang='lat' dir='ltr'><strong>fuerant</strong></span> <span class='ocrx_word' id='word_1_224' title='bbox 903 4404 1051 4490; x_wconf 81' lang='lat' dir='ltr'><strong>grassati,</strong></span> <span class='ocrx_word' id='word_1_225' title='bbox 1082 4404 1153 4471; x_wconf 87' lang='lat' dir='ltr'><strong>viso</strong></span> <span class='ocrx_word' id='word_1_226' title='bbox 1175 4406 1274 4473; x_wconf 73' lang='lat' dir='ltr'><strong>mira</strong></span> 
     </span>
    </p>

    <p class='ocr_par' dir='ltr' id='par_1_11' title="bbox 227 4492 1397 4692">
     <span class='ocr_line' id='line_1_32' title="bbox 227 4492 1397 4597; baseline 0.012 -33"><span class='ocrx_word' id='word_1_227' title='bbox 227 4501 308 4581; x_wconf 89' lang='lat' dir='ltr'><strong>culo,</strong></span> <span class='ocrx_word' id='word_1_228' title='bbox 350 4502 439 4587; x_wconf 89' lang='lat' dir='ltr'><strong>quod</strong></span> <span class='ocrx_word' id='word_1_229' title='bbox 470 4502 599 4588; x_wconf 85' lang='lat' dir='ltr'><strong>lignum</strong></span> <span class='ocrx_word' id='word_1_230' title='bbox 636 4503 767 4569; x_wconf 88' lang='lat' dir='ltr'><strong>aridum</strong></span> <span class='ocrx_word' id='word_1_231' title='bbox 804 4508 965 4592; x_wconf 85' lang='lat' dir='ltr'><strong>sanguine</strong></span> <span class='ocrx_word' id='word_1_232' title='bbox 995 4506 1085 4574; x_wconf 87' lang='lat' dir='ltr'><strong>beati</strong></span> <span class='ocrx_word' id='word_1_233' title='bbox 1117 4511 1273 4597; x_wconf 86' lang='lat' dir='ltr'><strong>martyris</strong></span> <span class='ocrx_word' id='word_1_234' title='bbox 1286 4492 1397 4543; x_wconf 74' lang='lat' dir='ltr'><strong>Mincio.</strong></span> 
     </span>
     <span class='ocr_line' id='line_1_33' title="bbox 228 4603 1273 4692; baseline 0.013 -26"><span class='ocrx_word' id='word_1_235' title='bbox 228 4603 367 4690; x_wconf 84' lang='lat' dir='ltr'><strong>Alphegi</strong></span> <span class='ocrx_word' id='word_1_236' title='bbox 390 4604 487 4669; x_wconf 90' lang='lat' dir='ltr'><strong>litum</strong></span> <span class='ocrx_word' id='word_1_237' title='bbox 509 4605 571 4670; x_wconf 87' lang='lat' dir='ltr'><strong>sub</strong></span> <span class='ocrx_word' id='word_1_238' title='bbox 602 4628 672 4672; x_wconf 91' lang='lat' dir='ltr'><strong>una</strong></span> <span class='ocrx_word' id='word_1_239' title='bbox 701 4614 796 4673; x_wconf 88' lang='lat' dir='ltr'><strong>nocte</strong></span> <span class='ocrx_word' id='word_1_240' title='bbox 829 4608 1021 4692; x_wconf 87' lang='lat' dir='ltr'><strong>reviruerat,</strong></span> <span class='ocrx_word' id='word_1_241' title='bbox 1054 4614 1203 4679; x_wconf 87' lang='lat' dir='ltr'><strong>certatim</strong></span> <span class='ocrx_word' id='word_1_242' title='bbox 1237 4614 1273 4679; x_wconf 91' lang='lat' dir='ltr'><strong>in</strong></span> 
     </span>
    </p>

    <p class='ocr_par' dir='ltr' id='par_1_12' title="bbox 228 4706 1272 4800">
     <span class='ocr_line' id='line_1_34' title="bbox 228 4706 1272 4800; baseline 0.014 -30"><span class='ocrx_word' id='word_1_243' title='bbox 228 4706 336 4771; x_wconf 86' lang='lat' dir='ltr'><strong>oscula</strong></span> <span class='ocrx_word' id='word_1_244' title='bbox 357 4712 499 4785; x_wconf 88' lang='lat' dir='ltr'><strong>ruerent,</strong></span> <span class='ocrx_word' id='word_1_245' title='bbox 534 4729 573 4773; x_wconf 86' lang='lat' dir='ltr'><strong>ac</strong></span> <span class='ocrx_word' id='word_1_246' title='bbox 605 4710 697 4795; x_wconf 89' lang='lat' dir='ltr'><strong>prius</strong></span> <span class='ocrx_word' id='word_1_247' title='bbox 717 4709 872 4776; x_wconf 89' lang='lat' dir='ltr'><strong>indomiti</strong></span> <span class='ocrx_word' id='word_1_248' title='bbox 895 4714 1034 4800; x_wconf 86' lang='lat' dir='ltr'><strong>martyri</strong></span> <span class='ocrx_word' id='word_1_249' title='bbox 1065 4720 1176 4783; x_wconf 90' lang='lat' dir='ltr'><strong>sancto</strong></span> <span class='ocrx_word' id='word_1_250' title='bbox 1198 4740 1272 4784; x_wconf 88' lang='lat' dir='ltr'><strong>curu</strong></span> 
     </span>
    </p>

    <p class='ocr_par' dir='ltr' id='par_1_13' title="bbox 230 4812 1275 4902">
     <span class='ocr_line' id='line_1_35' title="bbox 230 4812 1275 4902; baseline 0.015 -26"><span class='ocrx_word' id='word_1_251' title='bbox 230 4812 316 4876; x_wconf 89' lang='lat' dir='ltr'><strong>omni</strong></span> <span class='ocrx_word' id='word_1_252' title='bbox 339 4812 513 4878; x_wconf 85' lang='lat' dir='ltr'><strong>devotione</strong></span> <span class='ocrx_word' id='word_1_253' title='bbox 537 4814 649 4902; x_wconf 87' lang='lat' dir='ltr'><strong>[colla]</strong></span> <span class='ocrx_word' id='word_1_254' title='bbox 671 4815 863 4883; x_wconf 85' lang='lat' dir='ltr'><strong>subicerent</strong></span> <span class='ocrx_word' id='word_1_255' title='bbox 910 4816 964 4883; x_wconf 91' lang='lat' dir='ltr'><strong>Ibi</strong></span> <span class='ocrx_word' id='word_1_256' title='bbox 993 4822 1139 4888; x_wconf 87' lang='lat' dir='ltr'><strong>naturali</strong></span> <span class='ocrx_word' id='word_1_257' title='bbox 1173 4826 1275 4891; x_wconf 86' lang='lat' dir='ltr'><strong>cervi-</strong></span> 
     </span>
    </p>
   </div>
   <div class='ocr_carea' id='block_1_8' title="bbox 229 4915 1274 5014">
    <p class='ocr_par' dir='ltr' id='par_1_14' title="bbox 229 4915 1274 5014">
     <span class='ocr_line' id='line_1_36' title="bbox 229 4915 1274 5014; baseline 0.015 -35"><span class='ocrx_word' id='word_1_258' title='bbox 229 4915 363 4981; x_wconf 89' lang='lat' dir='ltr'><strong>cositate</strong></span> <span class='ocrx_word' id='word_1_259' title='bbox 402 4916 579 4999; x_wconf 86' lang='lat' dir='ltr'><strong>subtracta,</strong></span> <span class='ocrx_word' id='word_1_260' title='bbox 623 4940 751 4985; x_wconf 86' lang='lat' dir='ltr'><strong>sacrum</strong></span> <span class='ocrx_word' id='word_1_261' title='bbox 784 4942 900 5007; x_wconf 83' lang='lat' dir='ltr'><strong>corpus</strong></span> <span class='ocrx_word' id='word_1_262' title='bbox 939 4922 1082 5011; x_wconf 86' lang='lat' dir='ltr'><strong>Alphegi</strong></span> <span class='ocrx_word' id='word_1_263' title='bbox 1119 4929 1274 5014; x_wconf 86' lang='lat' dir='ltr'><strong>martyris</strong></span> 
     </span>
    </p>
   </div>
   <div class='ocr_carea' id='block_1_9' title="bbox 0 0 1811 5800">
    <p class='ocr_par' dir='ltr' id='par_1_15' title="bbox 0 0 1811 5800">
     <span class='ocr_line' id='line_1_37' title="bbox 0 0 1811 5800; baseline 0 0"><span class='ocrx_word' id='word_1_264' title='bbox 0 0 1811 5800; x_wconf 95' lang='lat' dir='ltr'><strong> </strong></span> 
     </span>
    </p>
   </div>
  </div>
 </body>
</html>
