3567 5800
415 883 463 934 nn
484 882 599 933 omns
620 882 741 935 annun
761 874 1093 949 auen-w.11,1‘l.
1208 874 1272 937 225

217 1060 320 1135 vultu
355 1065 496 1149 hilarior,
521 1074 556 1135 et
589 1069 727 1135 erectior
757 1069 868 1151 oculis,
891 1068 928 1135 in
960 1072 1062 1137 risum
1098 1072 1270 1150 modicum,

220 1179 354 1238 servata
376 1179 486 1239 tamen
509 1174 601 1259 reg'a
621 1172 797 1259 gravitate,
821 1172 1022 1240 dissolvitur.
1069 1174 1184 1241 Mirari
1214 1177 1272 1262 qui

217 1276 367 1354 aderant,
390 1298 451 1341 nec
472 1277 542 1342 sine
564 1298 660 1343 eausa
682 1282 802 1363 praeter
823 1276 1092 1343 consuetudinem
1115 1278 1151 1343 id
1174 1279 1205 1344 ci
1220 1300 1271 1345 ac-

220 1378 337 1444 cidisse
352 1380 507 1445 sciebant.
554 1378 699 1445 Peractis
722 1382 834 1443 autem
857 1378 1012 1445 omnibus
1034 1402 1108 1467 quse
1123 1381 1168 1447 ad
1183 1382 1270 1448 tanti
1284 1387 1333 1439 llis
1344 1390 1427 1441 vision

218 1482 345 1549 cultum
361 1480 427 1549 diei
449 1483 612 1570 pertinere
626 1480 832 1559 videbantur,
848 1479 934 1549 risus
956 1482 1008 1547 sui
1023 1504 1153 1549 causam
1168 1484 1204 1550 hi
1213 1487 1272 1572 qui
1283 1456 1416 1589 diossiing

219 1586 523 1652 animadverterant
542 1586 606 1650 sibi
626 1589 746 1672 petunt
769 1584 899 1671 exponi.
934 1584 1006 1666 Ille,
1030 1590 1069 1651 ut
1084 1591 1155 1653 erat
1177 1589 1269 1655 mirae
1281 1589 1312 1640 οἲ
1324 1590 1366 1670 tue

218 1688 450 1777 simplicitatis,
484 1688 676 1776 simpliciter
698 1686 923 1774 quaerentibus
944 1688 1137 1774 simpliciter
1159 1692 1270 1757 omnia
1282 1657 1381 1789 {³523ss

216 1790 403 1870 confitetur,
451 1797 470 1829 “
486 1788 679 1870 Convenit,''
717 1790 894 1875 inquiens,
924 1789 1058 1857 “Dacis
1088 1813 1164 1859 cum
1195 1814 1270 1879 rege

216 1916 278 1959 suo
311 1895 463 1980 antiqum
485 1893 611 1960 facinus
644 1894 833 1973 iterarent
865 1914 965 1980 quam
999 1892 1095 1960 nobis
1128 1896 1272 1985 propitia

217 1996 389 2063 Divinitas
410 1997 532 2085 largita
553 2001 604 2061 est
626 1996 782 2061 infestare
797 1994 952 2081 quictem.
999 1995 1043 2065 In
1064 1999 1270 2084 percussione

216 2104 333 2166 nostra
347 2122 414 2187 qua
426 2101 592 2186 castigans
613 2098 790 2185 castigavit
811 2120 871 2167 nos
893 2098 1059 2165 Dominus
1081 2100 1271 2187 ignorantes

218 2202 283 2268 Dei
306 2204 478 2283 iustitiam,
502 2208 538 2268 et
559 2224 652 2267 snam
674 2201 871 2267 extollentes
893 2200 1065 2281 virtutem,
1089 2204 1269 2284 dixerunt,1

217 2306 364 2371 ‘Manus
396 2311 510 2372 nestra
541 2305 675 2384 excelsa,
709 2310 745 2371 et
778 2325 847 2369 non
878 2304 1054 2384 Dominus,
1088 2306 1165 2375 feeit
1201 2309 1271 2377 hac

215 2408 346 2473 omuia’
412 2409 500 2490 Quia
542 2430 622 2473 vero
668 2408 759 2475 Deus
802 2406 957 2495 patribus
1002 2410 1122 2478 nostris
1166 2410 1271 2477 iratus

218 2512 386 2577 Dacorum
417 2534 477 2577 nos
507 2511 650 2577 tradidit
683 2511 851 2597 potestati,
887 2508 956 2577 suis
988 2512 1025 2581 id
1055 2512 1180 2579 viribus
1211 2516 1270 2581 tri·

219 2616 358 2681 buentes
380 2614 474 2679 facile
507 2614 570 2679 hoc
600 2614 708 2700 ipsum
732 2618 767 2679 et
788 2634 877 2679 nunc
909 2614 982 2681 ficri
1015 2634 1108 2701 posse
1131 2616 1271 2683 arbitra·

217 2720 362 2798 bantur3
397 2718 579 2785 nescientes
605 2716 691 2803 quia,
726 2717 785 2804 qui
819 2719 970 2805 percutit,
995 2719 1063 2806 ipse
1094 2724 1130 2787 et
1152 2726 1270 2800 sanan

217 2827 252 2887 et
286 2823 344 2911 qui
379 2822 565 2902 mortificat,
589 2819 664 2908 ipse·
690 2824 724 2886 et
746 2820 919 2904 vivificat3
950 2822 1069 2908 etqui
1102 2824 1193 2889 ducit
1225 2825 1268 2889 ad

216 2926 345 3004 inferos,
377 2927 446 3012 ipse
484 2931 519 2990 ct
554 2925 690 2990 reducit.
750 2923 861 3010 Igitur
899 2947 958 2991 rex
997 2925 1107 2991 Dacus
1145 2926 1268 2992 oblitus

215 3030 351 3095 foedcris
373 3029 460 3114 quod
482 3028 652 3094 nobiscum
675 3027 754 3092 olim
777 3027 957 3116 pepigerat,
973 3032 1083 3094 coacto
1106 3029 1142 3094 in
1163 3051 1267 3096 unum

216 3133 366 3200 exercitu
388 3131 546 3198 hodierna
568 3130 621 3196 die
644 3130 752 3195 ventis
775 3152 835 3216 pro
858 3135 937 3194 voto
971 3129 1131 3196 flantibus
1166 3155 1268 3198 naves

215 3236 325 3322 parari
347 3235 510 3321 precepit.
556 3233 805 3320 Conportantur
837 3232 980 3315 cibaria3
1012 3255 1103 3298 arma
1124 3235 1267 3301 navibus

215 3337 424 3415 inferuntur;
446 3341 558 3402 nautes
572 3340 779 3401 armamenta
801 3334 1004 3423 expediunt3
1026 3336 1123 3402 certis
1137 3337 1268 3404 sedibus
1286 3334 1291 3346 '

215 3441 339 3508 milites
372 3440 580 3506 collocantur.
636 3438 711 3504 Iam
743 3459 846 3504 naves
876 3438 959 3504 velis
991 3442 1026 3504 et
1052 3439 1126 3504 vela
1158 3443 1267 3508 ventis

214 3544 348 3610 fuerant
380 3542 638 3609 committenda:
674 3562 748 3607 cum
782 3562 822 3606 ca
854 3539 943 3619 hora,
967 3563 1034 3628 qua
1056 3543 1139 3608 mihi
1168 3543 1265 3612 facies

214 3643 452 3721 serenabatur,2
474 3666 533 3709 rex
566 3643 699 3730 iniquus
722 3642 764 3709 ob
794 3643 933 3710 nnciam
964 3645 1151 3742 superbiam
1174 3650 1266 3736 quasi

214 3746 431 3834 semetipsum
464 3768 532 3812 non
564 3745 728 3812 sustineus
762 3751 797 3813 et
831 3747 930 3834 pedes
952 3753 987 3812 et
1009 3771 1105 3816 crura
1138 3751 1267 3834 sinuose

214 3852 410 3928 divaricans,
450 3849 532 3916 dum
571 3848 613 3914 de
657 3848 781 3936 scapha
816 3849 855 3916 in
899 3873 1018 3918 navem
1056 3856 1267 3921 conscendere

217 3957 361 4042 pararet,
385 3952 467 4040 pede
498 3951 590 4038 lapso
620 3951 710 4016 inter
740 3960 919 4039 utrumque
952 3953 987 4018 in
1010 3975 1100 4022 mare
1122 3957 1267 4038 corruit;

216 4063 253 4122 et
285 4055 401 4121 statim
434 4055 573 4140 abyssus
595 4053 735 4118 vallavit
769 4076 843 4119 eum
866 4060 901 4119 et
933 4055 1068 4144 pelagus
1099 4059 1267 4144 cooperuit

215 4164 317 4247 caput
331 4159 424 4224 cius:
460 4157 571 4243 sicque
594 4161 699 4222 morte
721 4161 898 4242 utrumque
913 4159 1079 4245 populum,
1097 4159 1266 4226 Danorum

215 4263 340 4328 scilicet
374 4266 410 4326 et
440 4260 634 4347 Anglornm,
665 4281 686 4323 a
722 4263 856 4346 peccato
893 4259 1018 4346 pariter
1049 4267 1084 4325 et
1117 4262 1264 4347 periculo

213 4365 377 4432 liberavit.
425 4363 481 4428 Ita
503 4363 559 4428 illc
581 4363 688 4427 lacum
710 4362 803 4428 nobie
825 4362 964 4448 aperuit,
987 4366 1022 4427 et
1045 4363 1160 4428 effodit
1182 4387 1265 4444 cum,

215 4475 251 4534 et
281 4467 400 4532 incidit
424 4466 460 4530 in
482 4465 611 4532 foveam
634 4486 732 4552 quam
763 4462 850 4532 feeit.
907 4463 1072 4531 Percussit
1105 4465 1266 4535 Dominus

622 4673 734 4678 ——-
1015 4671 1180 4680 ---.-.--.

283 4795 383 4847 'Dent
393 4793 478 4844 xxxii.
491 4798 530 4845 27.
718 4795 725 4858 Ι
804 4794 999 4863 ‘meantum
1017 4800 1181 4849 sereuebalnr.

351 4892 425 4941 ΥΟΕ
446 4893 482 4942 ll.
1110 4897 1130 4943 P
1217 4909 1220 4916 ·
