3567 5800
272 1284 273 1287 ’
361 1272 470 1322 Falward

531 856 597 921 218
791 872 857 923 arc.
880 872 928 922 ns
948 870 1087 923 omme.
1110 872 1201 923 suna
1225 872 1323 923 msa·

528 1058 630 1123 derat
677 1057 822 1124 Accessit
849 1059 894 1125 ud
909 1058 1040 1125 thecam
1059 1058 1204 1125 aedituus
1231 1060 1269 1125 in
1291 1081 1359 1146 qua
1383 1081 1430 1127 aes
1449 1060 1564 1146 regium

529 1160 733 1242 servabatur,
756 1165 792 1227 et
814 1160 943 1248 aliquid
964 1183 1026 1249 pro
1048 1166 1205 1249 tempore,
1228 1162 1315 1229 sicut
1337 1163 1369 1228 ei
1395 1161 1566 1241 videbatur,

528 1267 588 1328 aut
602 1262 749 1342 abstulit,
774 1267 834 1331 eut
858 1264 1014 1351 reposuit
1059 1263 1191 1331 Deinde
1210 1286 1320 1331 orcam
1343 1263 1466 1330 oblitus
1488 1264 1564 1329 clau·

358 1340 514 1471 tltissty
531 1366 617 1446 aaa,
642 1365 811 1453 suppiam
836 1366 942 1454 operis
965 1366 1047 1433 alias
1080 1366 1228 1434 facturus
1260 1367 1436 1457 egreditur.
1491 1364 1564 1431 unt

358 1474 475 1535 plunders

357 1540 396 1589 his
408 1548 471 1591 trea-

529 1468 711 1536 msdvertit
740 1468 802 1537 hoc
842 1490 926 1557 puer
952 1470 1177 1557 pauperculus,
1208 1470 1277 1557 qui,
1296 1474 1337 1535 ut
1366 1470 1495 1549 dicitur,
1525 1468 1563 1533 scl

361 1622 424 1657 sure.
528 1594 657 1639 mensas
682 1572 828 1641 scutellis
856 1572 1085 1661 recolligendis
1106 1595 1239 1661 operam
1265 1573 1391 1652 dabst3
1436 1578 1471 1639 at
1489 1591 1564 1639 acce

528 1676 608 1742 dcns
631 1676 675 1743 sd
701 1676 831 1743 thecam
854 1676 1076 1763 haustumque
1089 1698 1158 1743 non
1179 1698 1320 1764 parvum
1341 1676 1563 1741 numismatum

527 1800 702 1846 numerum
716 1778 753 1845 in
777 1779 1026 1878 sinu'recondit,
1052 1784 1087 1845 st
1101 1779 1296 1865 exiensque
1316 1782 1432 1845 tutum
1444 1777 1563 1845 inten'm

528 1882 755 1949 arbitrabatur
775 1880 929 1971 reposuit.
973 1882 1135 1949 Reversus
1158 1882 1268 1948 denuo
1281 1902 1359 1969 rege
1374 1880 1565 1969 inspectante

528 1984 655 2051 fucinus
669 1984 815 2052 iteravit
863 1985 961 2065 Quod
973 2006 1049 2051 cum
1063 1984 1164 2051 tertio
1178 1988 1421 2070 attemptamct,
1435 2004 1563 2062 cernens,

527 2092 567 2153 ut
608 2086 712 2166 credo,
750 2108 811 2153 rex
847 2086 885 2153 iu
922 2087 1044 2174 spiritu
1081 2087 1149 2153 ism
1189 2087 1323 2173 iamque
1350 2085 1562 2152 thesaurorum

526 2189 639 2255 adesse
680 2190 857 2268 custodem,
897 2194 932 2255 et
968 2189 1051 2255 furis
1087 2189 1202 2255 volens
1238 2210 1353 2255 cavere
1390 2189 1561 2277 mnemon,

528 2302 544 2329 “
561 2291 784 2378 importune,”
814 2292 935 2378 inquit,
960 2299 980 2327 “
993 2290 1074 2379 agis,
1100 2290 1130 2359 0
1160 2313 1250 2379 puer.
1305 2290 1343 2358 si
1367 2291 1452 2357 milri
1465 2290 1561 2369 credis

527 2394 607 2460 tolle
652 2395 740 2480 quod
781 2394 891 2473 habes,
930 2399 966 2461 et
1001 2394 1096 2481 fuge3
1141 2394 1299 2481 quoniam
1341 2415 1405 2480 per
1439 2400 1561 2459 mabam

528 2496 674 2578 Domini,
706 2495 735 2561 si
757 2497 886 2562 venerit
910 2495 1131 2584 Hugolinus''
1168 2496 1247 2585 (hoo
1275 2495 1366 2561 enim
1399 2502 1470 2563 erat
1488 2494 1561 2582 regis

528 2598 719 2667 cubicularii
733 2596 879 2687 nomen),
898 2605 917 2635 “
927 2621 988 2667 neo
1003 2620 1107 2666 unum
1120 2598 1186 2667 uti
1199 2620 1375 2664 nummum
1390 2596 1561 2685 relinquet-'¹

529 2702 632 2787 Fugit
662 2722 751 2788 puer,
777 2722 799 2766 a
824 2722 902 2789 rege
930 2724 991 2767 nec
1019 2701 1181 2789 proditus,
1211 2722 1271 2766 nec
1301 2700 1447 2788 bigotus
1499 2684 1559 2767 lim

528 2804 644 2892 pedem
673 2802 726 2869 fur
767 2804 943 2885 extulerat,
975 2808 1011 2870 st
1040 2808 1131 2871 eocel
1179 2802 1330 2869 minister
1365 2804 1500 2881 rediens,
1532 2806 1561 2867 et

528 2910 699 2976 thesauros
718 2908 824 2996 rugios
847 2909 1013 2994 reperiens
1032 2907 1236 2996 compilatos,
1250 2906 1438 2994 obstupuit¹
1450 2932 1460 2987 ;
1473 2907 1562 2994 pallor

528 3013 668 3091 vultum,
699 3018 823 3078 trumor
852 3033 972 3098 corpus
999 3011 1148 3092 invasit3
1185 3011 1377 3099 ungustism
1407 3011 1508 3078 cordis
1533 3017 1562 3073 ct

528 3117 670 3182 furorem
685 3115 806 3181 mentis
820 3114 945 3180 clamor
969 3119 1005 3180 st
1026 3113 1168 3202 suspiria
1188 3113 1418 3200 prodiderunt.
1463 3111 1562 3198 Surgit

529 3242 597 3299 rer,
623 3222 657 3285 et
687 3216 782 3304 quasi
811 3216 959 3282 nesciens
992 3237 1066 3302 quae
1092 3215 1296 3294 acciderint²
1317 3236 1452 3282 causam
1478 3215 1562 3282 huius

527 3320 785 3410 perturbationis
811 3318 961 3405 inquirit.
1019 3319 1127 3399 Quam
1155 3339 1229 3383 cum
1251 3340 1272 3382 a
1293 3319 1470 3384 camerario
1490 3317 1562 3382 didi·

528 3425 634 3504 cisset,
666 3430 682 3459 “
697 3421 808 3502 Tacc‚''
833 3421 966 3507 inquit3
1001 3421 1114 3486 “forto
1143 3420 1198 3485 illc
1228 3421 1287 3506 qui
1315 3421 1407 3507 cepit
1431 3421 1500 3510 plus
1517 3418 1562 3482 his

527 3522 622 3587 nobis
659 3519 812 3608 indiguit
889 3519 1024 3585 Habeat
1060 3518 1144 3585 sibi:
1189 3518 1286 3584 nobis
1322 3519 1453 3600 sufficit,
1487 3516 1562 3605 quod

527 3621 713 3689 remansit.'’
773 3621 875 3710 Rogo,
904 3621 984 3709 quid
1013 3622 1076 3687 hoc
1098 3641 1175 3708 rege
1195 3621 1394 3709 perfectius?
1416 3621 1563 3709 quidhoc

528 3727 706 3815 simplicius
737 3726 853 3792 oculol
899 3724 981 3811 quid
1010 3723 1071 3789 tali
1112 3729 1224 3790 mente
1254 3723 1387 3789 lenius?
1423 3725 1479 3811 qui
1512 3743 1562 3787 sua

527 3830 631 3896 furari
661 3829 758 3907 vidit,
789 3834 824 3894 et
852 3827 969 3907 tacuit,
1005 3827 1141 3913 insuper
1179 3832 1214 3893 et
1251 3826 1318 3893 furi
1354 3826 1496 3894 consulit
1526 3823 1562 3888 ed

528 3935 678 4000 salutem.
724 3931 775 3998 Ut
790 3930 880 3995 volet
905 3930 1052 4017 quisquc,
1073 3929 1222 4016 accipiat
1267 3928 1341 4016 Ego
1365 3932 1455 4016 quod
1469 3915 1562 3994 ¹caecos

526 4036 740 4114 illuminavit,
766 4033 854 4120 quod
884 4033 1014 4098 curavit
1043 4032 1185 4112 claudos,
1210 4032 1299 4118 quod
1327 4033 1466 4098 adversa
1487 4029 1562 4096 vale-

527 4142 644 4207 tudine
659 4139 782 4206 multos
797 4136 929 4224 eripuit,
944 4135 1022 4202 huic
1044 4137 1115 4201 cius
1136 4135 1342 4221 simplicitati
1356 4140 1393 4202 et
1406 4133 1563 4223 patientiae

527 4243 655 4310 aestimo
678 4240 951 4330 postponendum
996 4239 1070 4317 His,
1094 4243 1135 4306 ut
1160 4239 1299 4318 aestimo,
1321 4260 1392 4304 non
1414 4235 1564 4304 inutiliter
1705 4316 1706 4319 Ἴ

528 4345 668 4422 insertis,
693 4345 736 4410 ad
760 4341 964 4408 narrationis
985 4340 1133 4408 ordinem
1154 4342 1335 4408 redeamus.

1405 4531 1435 4535 -.-
1449 4527 1506 4535 --
1521 4525 1554 4531 ---

562 4657 722 4723 ὀὸειιιριιὶί]
744 4656 871 4721 obstipuit,
882 4655 939 4707 MS.
1038 4651 1043 4720 Ι
1106 4651 1281 4718 ²ccciderr‘al]
1300 4651 1491 4714 aooiden'tlffi
