3567 5800
441 901 489 951 un
511 899 627 951 ersus
649 900 772 950 aneon
793 897 992 949 anun—111.
1017 886 1068 949 30.
1217 882 1277 945 159

234 1091 392 1179 paulatim
429 1091 576 1156 cohortes
612 1088 760 1154 incedere
790 1087 936 1153 iubebat.
998 1086 1279 1153 Concurrentibns

234 1195 368 1261 tandem
392 1195 531 1274 aciebus,
556 1194 701 1258 maximo
725 1192 864 1258 elamore
885 1190 1008 1257 lanceis
1030 1191 1121 1277 prius
1146 1196 1180 1255 et
1204 1196 1279 1277 post

233 1298 351 1385 gladiis
372 1320 442 1363 rem
455 1301 602 1384 egerunt.
649 1296 784 1361 Interea
804 1318 865 1361 rex
879 1294 1066 1381 Anglorum
1082 1293 1279 1359 Edmnndns

234 1402 270 1465 in
305 1402 411 1488 prima
446 1403 516 1467 acie
552 1404 650 1477 stans,
684 1400 782 1465 obvia
815 1399 879 1463 sibi
910 1419 1048 1483 quaeque
1079 1397 1278 1484 proterebat,

233 1505 339 1570 hostes
359 1505 489 1570 assidue
512 1504 658 1581 feriebat,
681 1514 716 1568 et
738 1503 865 1568 strenui
888 1500 1004 1565 militis
1026 1501 1170 1587 bonique
1193 1502 1279 1587 regis

232 1608 372 1673 officium
408 1608 550 1675 viriliter
586 1606 766 1672 exercebat.
830 1604 896 1671 Sed
942 1605 1021 1690 quia
1055 1604 1166 1691 inique
1210 1606 1279 1669 dux

234 1712 399 1789 Endrieus,
422 1712 578 1775 Almarus
603 1717 638 1775 et
664 1710 808 1796 Algarus
830 1708 965 1773 comites
988 1708 1046 1793 qui
1070 1709 1100 1771 ei
1125 1707 1279 1793 praesidio

232 1816 299 1879 fore
322 1815 504 1880 debuerant
533 1837 606 1879 eum
636 1814 811 1878 innumera
837 1812 1033 1898 populorum
1064 1810 1280 1875 multitudine

232 1919 268 1983 in
287 1924 381 2005 parte
402 1918 571 1983 Danorum
591 1917 797 2005 pugnabant,
812 1914 975 1980 exereitus
995 1912 1163 1979 Edmnndi
1181 1915 1280 1979 nimis

233 2021 341 2086 fuerat
370 2021 565 2086 infirmatus
624 2022 786 2085 Attamen
823 2018 930 2106 prima
960 2018 1014 2082 die
1046 2018 1132 2098 belli,
1163 2018 1199 2081 id
1229 2024 1280 2082 est

232 2125 371 2211 septimo
401 2124 558 2189 kalendas
588 2123 612 2189 J
614 2123 683 2204 ulii,
714 2128 785 2188 tam
814 2144 974 2209 asperum,
1005 2126 1076 2186 tam
1108 2128 1279 2187 cruentum
1294 2138 1325 2181 aa
1358 2146 1414 2181 un.

231 2228 348 2292 extitit
374 2227 538 2314 proelium,
562 2233 602 2292 ut
627 2232 765 2313 uterque
796 2228 958 2291 exercitus
989 2248 1056 2311 prae
1086 2224 1280 2291 laesitudine

232 2330 358 2396 diutius
387 2353 532 2417 pugnare
571 2351 640 2395 non
669 2330 814 2395 valeret:
853 2329 920 2394 sole
951 2333 1063 2393 tamen
1101 2328 1277 2407 occidente,

231 2434 404 2499 voluntate
441 2438 622 2519 spontanea
651 2454 685 2498 se
715 2435 757 2498 ab
787 2433 929 2497 invicem
959 2432 1154 2497 diviserunt.
1214 2432 1279 2497 Sed

231 2536 284 2601 die
320 2540 452 2623 postera
487 2558 548 2600 rex
576 2536 761 2623 Anglorum
792 2534 988 2599 Edmnndus
1023 2534 1136 2601 Dauos
1167 2558 1279 2601 ornnes

231 2639 445 2723 protrivisset,
472 2638 502 2703 si
524 2639 629 2725 iniqui
659 2637 750 2703 ducis
782 2638 916 2703 Eadrici
942 2638 1071 2703 insidia>
1103 2661 1170 2704 non
1200 2640 1280 2703 fuis-

231 2748 310 2807 sent.
367 2741 539 2827 Siquidem
564 2764 638 2806 eum
661 2742 829 2827 utrimque
859 2746 1065 2827 pugnaretur
1095 2748 1129 2807 et
1156 2742 1280 2829 Anglos

231 2844 381 2910 fortiores
404 2866 473 2910 esse
496 2846 704 2932 conspiceret,
725 2845 894 2910 cuiusdam
918 2844 982 2910 viri
1008 2845 1079 2932 regi
1104 2846 1279 2912 Edrnnndo

231 2949 389 3014 simillimi
419 2948 525 3033 eapite
554 2952 727 3034 amputato
758 2961 792 3013 et
820 2949 857 3013 in
886 2949 992 3014 altum
1026 2950 1144 3026 levato,
1174 2951 1279 3015 excla-

231 3053 346 3133 mavit,
385 3051 515 3116 dicens:
555 3059 572 3084 “
587 3051 663 3128 Vos,
703 3051 816 3137 Angli,
855 3053 974 3116 amisso
1012 3053 1118 3138 capite
1156 3051 1280 3118 frustra

231 3155 393 3242 pugnatis
439 3153 589 3240 Fugite?
610 3155 734 3241 inquit,
769 3162 785 3190 “
800 3156 920 3231 miseri,
943 3154 1068 3241 fugite!
1114 3156 1197 3221 Eece
1220 3177 1279 3220 rex

231 3265 339 3324 vester
361 3259 423 3322 boc
445 3279 522 3322 ense
544 3258 667 3322 occisus
689 3261 762 3322 est!
807 3258 861 3322 En
883 3259 968 3344 regis
989 3258 1158 3322 Edmnndi
1180 3267 1279 3345 eaput

231 3361 283 3427 hie
304 3368 402 3427 teneo
424 3360 595 3425 manibus!
642 3361 768 3446 Fugite,
785 3360 890 3445 fugite
906 3359 1135 3446 quantociusl”
1182 3361 1279 3440 Quod

231 3471 270 3530 ut
295 3465 398 3552 Angli
426 3463 612 3543 audierunt,
642 3463 918 3528 inconstantiores
947 3463 983 3526 iu
1014 3463 1129 3550 proelio
1159 3465 1280 3530 extite-

229 3573 315 3634 runt
362 3567 407 3631 Et
429 3566 589 3652 fugissent
603 3565 706 3652 Angli
729 3567 895 3646 continuo,
912 3565 977 3630 nisi
999 3588 1060 3631 rex
1075 3565 1278 3647 Edmundus,

231 3669 362 3736 Eadrici
391 3667 485 3734 ducis
513 3668 646 3754 cognita
671 3668 870 3756 proditione,
896 3669 933 3732 iu
963 3667 1089 3734 editum
1117 3670 1278 3756 quendam

232 3773 344 3839 collem
373 3771 571 3859 procederet,
601 3771 713 3836 ablata
740 3771 835 3858 galea
864 3776 963 3858 eaput
994 3795 1090 3838 suum
1122 3775 1280 3840 commili-

231 3877 364 3942 tonibus
398 3879 575 3940 ostentans.
628 3874 757 3939 Deinde
786 3897 846 3939 rex
880 3875 1077 3940 Edmundus
1116 3882 1279 3962 quantum

230 3983 360 4066 poterat
389 3977 517 4043 viribus
554 3977 672 4042 lmstile
705 3977 846 4042 ferreum
880 3977 1083 4064 intorquens,
1118 3980 1211 4044 misit
1241 3981 1278 4046 in

230 4083 404 4169 praefatum
427 4080 629 4168 proditorem
652 4080 837 4147 Eadricum
896 4081 962 4147 Sed
989 4081 1148 4147 Eadricus
1173 4083 1275 4148 ictum

229 4185 414 4272 praevidens
435 4182 532 4248 eavit
580 4182 680 4248 Unde
706 4185 847 4248 militem
873 4205 975 4271 prope
1001 4189 1146 4250 stantem
1172 4187 1277 4250 iaculo

228 4289 364 4374 praelnto
402 4287 451 4351 itu
487 4286 665 4352 transfodit
699 4285 904 4363 Edmundus,
937 4287 1019 4351 adeo
1056 4293 1096 4352 ut
1133 4288 1276 4356 alterum

228 4411 358 4477 quoque
395 4389 541 4476 affigeret
578 4388 693 4454 eodem
726 4389 804 4454 ictu.
865 4391 976 4476 Igitur
1006 4397 1172 4476 comperto
1202 4393 1277 4459 ilico

228 4493 316 4578 quod
352 4515 412 4558 rex
448 4493 585 4570 viveret,
625 4492 752 4558 animos
789 4492 984 4558 extulerunt
1023 4491 1135 4580 Angli,
1168 4500 1202 4560 et
1239 4497 1275 4561 in

230 4595 344 4661 Dauos
370 4595 477 4660 aerius
502 4594 708 4676 incedebant,
734 4595 856 4661 multos
883 4619 925 4660 ex
951 4595 997 4660 eis
1024 4602 1273 4683 prosternentes

228 4703 264 4762 et
295 4697 432 4762 summis
460 4697 589 4767 viribus
625 4703 801 4777 certantes,
831 4699 876 4762 ad
912 4700 1135 4786 crepusculum
1173 4725 1275 4789 usque

228 4801 334 4866 noetis
358 4801 515 4866 atrociter
538 4802 765 4886 perstiterunt.
813 4801 886 4882 Quo
910 4803 1115 4886 adveniente,
1138 4806 1274 4890 digressi
