3567 5800
360 1171 433 1222 Will.

361 1239 448 1289 Malm.
461 1238 487 1288 ii.

360 1305 375 1371 ξ
389 1311 445 1356 215.

363 1456 401 1507 Cf.
411 1455 481 1504 Will.

362 1523 450 1574 Malm.
463 1522 479 1572 i.

361 1589 375 1656 5
390 1593 420 1642 74
432 1604 468 1654 sq.

358 1857 495 1910 Mildrilba.

528 839 594 904 380
787 857 854 908 nro.
879 858 926 910 na
949 859 1083 912 emano.
1106 861 1196 913 sesa
1218 862 1306 916 mss.

929 1163 1180 1230 Commusno.

572 1355 680 1420 Rudis
713 1356 827 1442 itaque
857 1357 973 1423 Wlferi
1006 1358 1141 1423 bierunt
1171 1362 1240 1424 tres
1272 1359 1435 1445 germani,
1468 1359 1566 1423 Ethel-

525 1458 621 1524 redus
652 1459 710 1545 qui
743 1465 818 1546 post
851 1482 927 1526 cum
959 1463 1120 1548 regnavit,
1153 1465 1189 1526 et
1211 1461 1318 1527 Weda
1348 1463 1411 1548 qui
1443 1463 1565 1549 prefuit

524 1581 592 1626 non
615 1561 673 1626 diu
696 1561 920 1628 Orientalibus
943 1564 1082 1641 Marciis,
1106 1569 1141 1629 st
1163 1564 1384 1630 Merewaldus
1408 1567 1468 1652 qui
1490 1566 1567 1630 Occi·

525 1663 712 1730 dentalibus
751 1665 882 1730 Merciis
919 1666 1103 1753 imperavit
1159 1667 1381 1734 Merewaldus
1420 1691 1499 1734 vem
1532 1690 1564 1732 ex

525 1766 752 1853 Ermenburge
784 1768 854 1832 filia
885 1769 1092 1834 Ermeniredi
1121 1769 1232 1835 fratris
1267 1771 1468 1835 Erccnberti
1497 1769 1565 1834 tulit

523 1871 604 1935 duas
635 1870 726 1948 filias,
763 1870 971 1936 Mildritbam
1003 1877 1038 1936 et
1071 1871 1279 1958 Milburgam.
1334 1873 1563 1938 Mildritbain

523 1972 649 2038 Tanoto
679 1973 786 2038 insula
817 1973 945 2040 Cantica
976 1997 1076 2060 quam
1108 1975 1210 2039 matri
1240 1998 1308 2040 suae
1342 1977 1380 2038 in
1414 1977 1563 2041 solutione

521 2076 608 2140 neeis
638 2076 778 2140 fratmm
808 2098 942 2142 suorum
972 2077 1144 2142 Ethelredi
1173 2082 1210 2142 et
1241 2078 1413 2164 Egelberti
1439 2079 1561 2144 dederet

521 2202 581 2244 rex
619 2179 792 2266 Egbertus‚
831 2180 1000 2244 caelibatui
1038 2181 1120 2245 dans
1158 2202 1299 2267 operam,
1334 2182 1463 2246 ibidem
1495 2183 1561 2246 vite

520 2287 643 2347 metam
658 2283 803 2348 incurrit.
849 2281 1010 2369 Sequenti
1030 2287 1177 2370 tempore
1199 2285 1243 2348 ad
1265 2285 1455 2349 coenobium
1470 2284 1561 2350 sancti

521 2386 700 2471 Augustini
735 2385 950 2452 Oantuariam
980 2387 1147 2463 emmau,
1181 2387 1305 2450 eximia
1336 2388 1561 2452 monachorum

520 2488 694 2554 sedulitate
716 2489 905 2568 honoratur,
928 2489 1063 2575 pietatis
1085 2489 1173 2554 fama
1200 2494 1236 2555 et
1262 2489 1449 2555 dulcedinis
1478 2490 1562 2554 iuxta

520 2590 715 2655 vocabulum
749 2613 846 2656 suurn
880 2591 917 2655 in
950 2595 1084 2657 cunctos
1115 2613 1210 2677 aeque
1242 2591 1473 2677 predicabilis
1523 2593 1562 2656 Et

520 2694 671 2780 quamvis
704 2695 752 2758 ibi
786 2716 880 2781 paene
914 2716 1026 2760 omnes
1057 2695 1248 2760 monasterii
1279 2694 1450 2761 anfractus
1483 2696 1561 2784 pleni

519 2801 597 2862 sunt
631 2801 820 2862 sanctorum
850 2797 1047 2883 corporibus,
1077 2818 1137 2861 nec
1165 2818 1279 2862 eorum
1307 2798 1407 2882 parvi
1429 2798 1563 2862 nominis

520 2906 579 2966 aut
594 2902 705 2967 meriti
720 2899 777 2966 sed
800 2923 939 2987 quorum
962 2899 1091 2988 singula
1112 2922 1227 2986 perse
1249 2906 1385 2987 possent
1408 2901 1562 2968 illustrare

520 3004 683 3091 Angliem,
715 3004 806 3068 nullo
839 3009 953 3069 tamen
984 3003 1042 3067 illa
1075 3003 1195 3068 colitur
1217 3003 1363 3082 inferius,
1385 3005 1563 3090 quinimmo

519 3113 649 3173 amatur
678 3112 712 3172 et
741 3110 1012 3172 commemoratur
1041 3105 1177 3172 dulcius.
1225 3106 1330 3171 Adest
1360 3107 1420 3171 illa
1440 3129 1475 3172 se
1496 3107 1564 3171 dili·

519 3211 681 3299 gentibus,
697 3211 806 3275 nullos
829 3208 929 3275 surda
950 3230 1029 3273 aure
1052 3208 1216 3275 transiens
1238 3209 1339 3273 saluti
1363 3211 1565 3277 consulentes

519 3336 645 3381 ammae.

694 3502 945 3569 Ocurruuamc.
991 3499 1041 3565 Do
1062 3504 1183 3565 sociata
1203 3497 1389 3583 Mittorpa

563 3644 753 3709 MILBuacA
780 3641 868 3729 apud
891 3638 1038 3707 Wenlok
1059 3638 1254 3724 requiescit;
1288 3638 1368 3703 olim
1390 3642 1435 3705 ab
1455 3640 1565 3705 incolis

517 3752 606 3828 nota,
639 3748 696 3811 sed
719 3750 794 3832 post
820 3745 1000 3808 adventum
1022 3740 1290 3807 Normennorum
1315 3742 1394 3805 dum
1424 3743 1564 3807 nescitur

517 3852 604 3917 locus
635 3848 772 3936 sepulcri
805 3845 1010 3932 aliquamdiu
1044 3844 1204 3909 oblivioni
1234 3843 1321 3920 data,
1344 3849 1461 3930 postea
1489 3867 1563 3908 vero

517 3955 662 4019 adunato
684 3951 731 4017 ibi
754 3954 918 4017 conventu
940 3948 1173 4013 monachorum
1189 3946 1463 4026 Cluniacensium,
1487 3950 1563 4013 dum

518 4058 671 4123 inchoate
692 4054 772 4119 novi
802 4052 920 4138 templi
942 4050 1095 4115 maehina
1116 4050 1252 4137 quidem
1281 4072 1363 4137 puer
1393 4074 1452 4138 per
1472 4052 1564 4137 pavi·

517 4164 666 4225 mentum
689 4152 905 4222 concitatius¹
930 4154 1110 4232 cursitaret,
1135 4152 1270 4217 effracta
1292 4154 1452 4219 mausolei
1473 4155 1564 4219 fovea

516 4263 684 4352 propalam
708 4280 823 4345 eorpus
844 4256 985 4344 virginis
1006 4256 1092 4321 fecit
1149 4254 1239 4320 lunc
1267 4255 1437 4322 balsamici
1459 4258 1563 4321 odoris

516 4388 596 4431 eura
617 4385 675 4452 per
698 4361 863 4427 ecclesiam
885 4359 1040 4445 spirante,
1062 4356 1163 4422 altius
1183 4357 1331 4422 levatum
1353 4364 1406 4424 tot
1428 4362 1563 4425 miracu·

516 4471 623 4535 lorum
652 4464 806 4553 praebuit,
837 4467 875 4527 ut
905 4460 1100 4526 catervatim
1130 4483 1167 4524 eo
1197 4462 1393 4547 populorum
1417 4462 1559 4549 undique

529 4667 533 4671 .
548 4662 724 4671 -ι--η-
736 4660 777 4667 ...-
791 4660 800 4666 -
811 4658 921 4665 --.----
953 4654 1018 4659 ———
1055 4654 1124 4659 ...ῃ
1141 4655 1162 4659 -.
1179 4654 1212 4659 ....
1233 4656 1544 4664 ...-.—>.-.—.-—--——

846 4771 853 4801 ¹
870 4766 1029 4832 cmcitctias]
1048 4765 1171 4828 usitatius,
1182 4765 1237 4816 MS.
