3567 5800
477 815 498 876 4
741 829 808 878 ltro.
831 829 878 878 DE
900 828 1035 881 cntnnc.
1057 828 1147 878 SPEC.
1170 829 1257 878 mer.

477 1016 512 1078 et
534 1017 667 1078 aetatem
689 1013 850 1101 regnandi
871 1013 971 1102 regiae
990 1014 1155 1081 unotionio
1178 1015 1382 1081 sacramento
1402 1032 1526 1099 proeve-

477 1117 583 1194 niena,
605 1116 691 1181 siout
720 1117 887 1202 quondam
914 1122 1047 1183 sanetus
1077 1116 1211 1184 Samuel
1239 1137 1379 1202 puerum
1403 1113 1525 1190 David,

477 1218 527 1283 itu
549 1240 624 1284 eum
648 1219 686 1284 in
708 1240 818 1306 regem
840 1220 1064 1286 sanctissimus
1085 1219 1206 1306 praeoul
1225 1217 1434 1284 devotissime
1447 1237 1524 1282 oon-

476 1322 625 1387 oeoravit
670 1321 794 1388 Verum
809 1328 884 1409 post
898 1323 1064 1388 modicum
1078 1345 1152 1388 oum
1167 1325 1262 1408 putre
1278 1321 1417 1386 Romam
1434 1339 1524 1405 repe-

477 1428 559 1502 tens,
584 1427 797 1512 paternorum
819 1425 982 1492 bonorum
1002 1426 1040 1490 in
1064 1424 1217 1492 omnibus
1240 1420 1467 1510 [oooperator]¹
1489 1424 1526 1486 et

478 1528 611 1594 adiutor
633 1550 702 1596 ause
723 1528 914 1615 promeruit

310 1666 397 1727 Anser

310 1750 334 1800 p.
345 1740 404 1784 468.

306 1801 443 1984 {ff
410 1801 468 1851 Μ
519 1818 770 1886 (tommano.
831 1819 884 1886 ne
912 1817 1111 1988 fimo
1132 1817 1224 1905 repo
1248 1816 1391 1906 Amul·
1419 1815 1490 1884 aa

344 1941 415 2051 mm
997 1943 1019 1987 t·

309 2073 461 2208 2122:oe
526 2097 646 2164 Hmus
691 2099 776 2186 regis
821 2097 953 2165 Alfredi
1000 2099 1070 2165 eive
1112 2097 1253 2164 Aluredi
1298 2097 1525 2187 genealogium

310 2225 433 2290 μῶρε
480 2202 606 2265 veteres
635 2200 839 2267 ascendendo
869 2206 1021 2267 texentes
1050 2200 1094 2266 ad
1123 2201 1293 2268 Christum
1322 2222 1425 2288 usque
1453 2223 1525 2286 per-

479 2301 654 2368 duxerunt.
716 2303 798 2368 Erat
831 2309 944 2368 autem
976 2325 1035 2370 rex
1068 2301 1224 2370 Alfredus
1261 2304 1330 2370 sive
1361 2303 1528 2368 Alureduu

479 2404 660 2470 AEthelwlfi
683 2406 796 2494 magni
825 2407 913 2494 regis
939 2405 1201 2472 Occidentalinm
1227 2405 1399 2472 Saxonum
1427 2405 1526 2484 filius,

480 2507 536 2593 qui
558 2507 624 2572 fuit
647 2507 793 2596 Egberti‚
810 2509 868 2595 qui
890 2509 957 2574 fuit
978 2509 1166 2589 Alomundi‚
1182 2509 1240 2595 qni
1262 2508 1328 2574 fuit
1350 2507 1450 2587 Enisa,
1467 2507 1527 2594 qui

479 2609 543 2674 fuit
566 2609 699 2697 Eoppae,
722 2611 780 2697 qui
809 2611 876 2678 fuit
896 2611 1017 2699 Ingild,
1041 2611 1100 2699 qui
1125 2612 1192 2678 fuit
1223 2611 1295 2678 Inae
1325 2611 1437 2690 frater,
1467 2609 1526 2697 qui

480 2711 578 2779 ambo
604 2713 739 2778 fuerunt
764 2713 826 2778 filii
849 2713 994 2794 Kenred‚
1018 2716 1076 2802 qui
1100 2715 1166 2780 fuit
1192 2713 1356 2796 Ooowulo
1380 2713 1438 2800 qui
1460 2713 1528 2777 fuit

481 2815 607 2896 Cuthae,
640 2815 698 2904 qui
728 2816 794 2882 fuit
825 2815 975 2901 Oeaulin,
1006 2817 1065 2906 qui
1095 2818 1160 2883 fuit
1190 2817 1344 2899 Kenerio‚
1375 2817 1434 2905 qui
1461 2813 1543 2882 firit'

481 2916 648 3001 Oreoddae,
675 2920 733 3007 qui
762 2920 829 2986 fuit
855 2922 973 2988 (lertio
1019 2921 1089 2987 Iste
1118 2922 1243 3009 primus
1272 2944 1316 2989 ex
1345 2920 1464 3009 Anglio
1489 2920 1528 2984 in

479 3044 580 3110 regno
606 3022 870 3090 Occidentalium
900 3023 1073 3089 Saxonum
1101 3025 1262 3112 regnavit.
1320 3023 1431 3091 (lertio
1460 3022 1528 3087 fuit

479 3124 569 3190 filius
593 3124 699 3207 Elesa,
723 3126 779 3213 qui
809 3126 876 3191 fuit
900 3125 1041 3193 Gewioae
1069 3126 1201 3214 reginae,
1229 3126 1271 3191 de
1295 3148 1362 3213 qua
1391 3126 1529 3213 quidam

479 3226 674 3294 Brittonum
696 3228 823 3315 generis
856 3227 922 3293 sibi
944 3228 1155 3294 nobilitatem
1180 3233 1350 3316 usurpant
1396 3227 1529 3295 (lewisa

480 3329 549 3395 filia
570 3330 636 3395 fuit
660 3330 768 3412 Giwii,
790 3330 849 3417 qui
870 3330 935 3396 fuit
949 3330 1085 3419 Wingii,
1107 3330 1165 3418 qui
1186 3331 1252 3397 suit
1272 3331 1451 3411 Freawine,
1468 3331 1530 3418 qui

480 3432 546 3496 fuit
576 3430 765 3520 Frethegar,
794 3431 852 3519 qni
883 3432 948 3499 fnit
974 3432 1112 3515 Broane,
1140 3434 1199 3520 qui
1224 3434 1290 3499 fuit
1316 3433 1441 3514 Beldai,
1467 3434 1530 3521 qui

480 3532 545 3597 fuit
575 3532 723 3599 Woden:
755 3534 832 3600 huic
860 3540 990 3600 veteres
1025 3540 1177 3622 quartam
1210 3534 1325 3601 feriam
1356 3536 1530 3602 dedioave-

479 3637 568 3713 runt,
593 3656 691 3721 quam
722 3634 763 3702 de
789 3636 922 3703 nomine
948 3638 1019 3703 eius
1045 3638 1270 3725 Wodenoday,
1293 3638 1330 3703 id
1358 3645 1409 3705 eet
1437 3637 1531 3705 diem

480 3735 654 3819 Wodemii,
668 3738 914 3825 nuncupabant
959 3739 1087 3807 Woden
1107 3740 1174 3807 fuit
1194 3740 1284 3806 filius
1305 3739 1531 3825 Frethewold,

480 3839 537 3927 qui
560 3839 626 3905 fuit
650 3839 769 3922 Freluf,
791 3842 850 3928 qui
872 3842 939 3907 fuit
962 3842 1154 3924 Frethewlf,
1177 3844 1235 3931 qui
1257 3842 1324 3910 fuit
1345 3843 1445 3925 Fuin,
1468 3846 1531 3931 qui

479 3941 544 4007 fuit
567 3940 698 4023 Godulf,
723 3944 781 4030 qui
806 3944 872 4010 fuit
896 3945 1001 4011 Geta:
1025 3946 1113 4012 huno
1134 3951 1262 4013 veteres
1283 3946 1360 4012 olim
1386 3948 1532 4034 gentiles

479 4066 538 4131 pro
559 4044 619 4110 deo
641 4048 892 4129 venerabantur,
917 4048 1009 4114 ouius
1033 4048 1187 4115 sedulius
1208 4053 1307 4135 poeta
1328 4050 1469 4115 eximius
1489 4050 1531 4117 in

480 4146 628 4213 Pasohuli
652 4146 829 4215 Carmine⁹
851 4150 1051 4216 mentionem
1073 4151 1196 4217 faciens
1217 4152 1286 4217 ait:

600 4249 677 4311 Cum
697 4272 751 4312 oua
770 4252 898 4329 gentiles
918 4254 1059 4312 sordeant
1077 4254 1220 4331 figmento
1238 4262 1333 4331 poetae

600 4342 799 4405 Grandisonis
820 4364 963 4423 pompare
981 4346 1077 4405 modio
1097 4348 1273 4426 tragiooque
1292 4350 1391 4423 boatu,

598 4434 775 4497 Ridiculove
797 4436 891 4511 Geta,
913 4456 966 4499 eeu
985 4438 1119 4517 quolibet
1139 4448 1205 4501 arte
1224 4442 1361 4502 canendi.

513 4722 904 4792 ¹000paaor1a0muaaeo
990 4729 997 4799 ι
1076 4732 1182 4786 maa
