3567 5800
423 908 484 973 xiv
867 924 1028 977 nausson.

422 1098 491 1163 The
518 1097 604 1165 book
629 1098 659 1163 is
684 1098 818 1165 divided
845 1100 918 1165 into
942 1100 1083 1167 sectione
1109 1101 1235 1167 headed
1259 1100 1362 1189 Repes
1391 1102 1481 1169 Ooo-

423 1200 741 1269 emitterem-De
780 1200 924 1269 diesibus
961 1211 991 1271 et
1035 1204 1170 1289 sepibus
1213 1202 1475 1285 meleswicam,

423 1308 481 1369 ete.

470 1404 533 1475 See
547 1406 765 1493 particularly
779 1431 809 1495 p.
828 1411 902 1489 100,
919 1431 996 1496 seq„
1011 1410 1184 1497 compared
1199 1410 1284 1476 with
1311 1410 1399 1477 book
1415 1408 1475 1478 IV.

424 1508 462 1573 of
472 1508 530 1575 the
543 1507 737 1596 Speculum,
753 1531 791 1575 or
805 1509 890 1576 with
906 1510 963 1576 the
979 1511 1089 1591 index,
1104 1534 1157 1581 se.
1174 1512 1327 1581 Edward.

253 1744 377 1840 mpe-
460 1742 481 1771 ¹‘
500 1739 652 1797 H1oDsn1
664 1755 718 1796 vnn
729 1739 922 1796 Dauumcnu
940 1754 1073 1796 annuens
1086 1754 1238 1798 nsemreur
1256 1756 1291 1797 ar
1304 1740 1434 1799 Sunonns

802 1840 912 1882 rrsnuu
924 1840 1067 1883 assume.

253 1982 266 2003 ‘⁴
461 1975 575 2029 “Anno
596 1973 716 2028 Domini
737 1981 854 2028 u⁰.xn11.
876 1973 987 2046 incepit
999 1982 1116 2033 sanctus
1133 1975 1296 2033 Edwardus
1322 1975 1479 2035 Oonleseor

253 2032 383 2126 ἒέἦξὲοῗ
421 2074 556 2129 regnare,
574 2056 726 2112 Ethelredi
750 2055 839 2121 filius,
861 2057 912 2126 qui
937 2074 955 2111 a
973 2056 1154 2113 Normanuia
1177 2078 1245 2114 cum
1264 2062 1366 2131 paucis
1391 2061 1480 2116 rediit

253 2133 370 2235 ἓξὲξ,
422 2141 586 2197 comitibus.
629 2140 823 2195 Consecratus
843 2140 902 2195 fnit
922 2147 994 2211 aput
1005 2142 1195 2211 Wyntoniam
1216 2144 1252 2197 ab
1273 2144 1363 2198 Eadsi
1386 2145 1478 2199 erchi-

349 2215 355 2228 ’
421 2229 557 2302 episeopo
577 2230 608 2283 in
631 2228 679 2284 die
697 2228 819 2284 Paschae
843 2232 874 2284 et
891 2229 1028 2301 regnavit
1051 2231 1134 2285 annia
1158 2230 1270 2287 xxidie.
1309 2230 1368 2286 Hic
1393 2231 1477 2286 duxit

420 2314 559 2372 Editham
571 2314 663 2369 filiam
675 2312 809 2369 Godwini
829 2313 946 2369 comitis
968 2321 998 2370 et
1017 2332 1146 2371 sororem
1159 2314 1284 2371 Haraldi
1303 2315 1354 2386 qui
1375 2320 1477 2387 postea

253 2407 371 2467 “ponde
419 2397 564 2471 regnavit.
602 2398 762 2471 Aliquanto
782 2403 915 2471 tempore
937 2399 1036 2473 elapso
1058 2399 1217 2455 cumidem
1230 2398 1389 2455 (lodwinus
1409 2417 1475 2459 cum

251 2469 408 2552 ffifffflm
419 2500 492 2555 rege
503 2484 535 2539 in
546 2483 681 2539 convivio
699 2483 907 2548 discumberet,
922 2484 1067 2555 contingit
1085 2484 1210 2539 intrasse
1222 2483 1392 2555 pincernam
1408 2503 1476 2540 oum

251 2558 356 2653 glffi‘ggg
420 2568 506 2641 cipho
536 2568 630 2640 regio,
657 2572 688 2623 et
710 2584 827 2639 unoque
853 2567 928 2635 pede
961 2567 1043 2641 lapso
1075 2568 1106 2623 in
1137 2568 1227 2624 alium
1257 2586 1289 2624 se
1315 2570 1422 2641 recipit
1447 2575 1476 2624 et

252 2659 382 2704 Edwnrw
419 2652 557 2723 perstetit
567 2670 622 2708 nec
634 2651 751 2707 omnino
761 2650 864 2722 lapsus
872 2657 925 2707 est.
946 2651 1019 2708 Haeo
1031 2652 1134 2708 videns
1147 2670 1244 2709 comes
1258 2652 1332 2709 dixit
1343 2654 1474 2720 ridendo,

419 2743 489 2793 tunc
497 2736 618 2792 adiurat
629 2754 705 2791 unus
712 2736 804 2791 frater
816 2735 917 2791 alium.
949 2735 1089 2807 Dixitque
1101 2754 1163 2803 rex,
1180 2740 1187 2763 ‘
1199 2736 1248 2793 Sic
1261 2738 1476 2795 invaretfrater

251 2838 380 2884 “vinciets
422 2824 532 2879 ‘meus
559 2840 616 2888 me,
638 2822 665 2878 si
682 2821 787 2877 liceret
805 2838 859 2892 per
879 2822 931 2879 te.’
979 2820 1028 2879 Ad
1053 2823 1133 2893 quod
1153 2840 1261 2887 comes,
1285 2822 1352 2879 ‘Sic
1372 2841 1475 2880 vescar

250 2902 321 2943 ‘lum
341 2945 377 2987 m
421 2908 503 2966 ‘hoe
524 2926 609 2982 pune,
629 2907 707 2962 sicut
727 2905 883 2980 culpabilis
913 2906 1026 2964 cnseo!
1075 2907 1141 2962 Hoc
1161 2907 1239 2963 dicto
1258 2907 1314 2962 offe
1334 2925 1422 2980 quam
1443 2909 1475 2962 in

251 2993 378 3086 mor-dim
419 3010 451 3048 os
482 2992 603 3048 miserat
626 2992 828 3064 strangulatus
858 2991 958 3048 oeulos
988 2992 1020 3046 in
1049 2997 1174 3048 mortem
1204 2992 1357 3047 convertit.
1401 2992 1475 3047 Inde

250 3055 407 3139 mmelpm
419 3076 569 3133 Heraldus
600 3076 652 3149 qui
675 3075 741 3147 regi
764 3075 879 3131 astabat
903 3093 971 3131 mox
995 3091 1063 3130 eum
1088 3076 1143 3130 sub
1167 3091 1269 3130 mensa
1297 3075 1422 3131 extraxit
1445 3081 1476 3131 et

419 3165 492 3233 aput
514 3159 705 3232 Wyntoniam
729 3159 876 3232 sepelivit,
903 3163 934 3215 ct
956 3159 1060 3214 habuit
1091 3159 1274 3216 consulatum
1299 3159 1392 3230 patris
1418 3162 1473 3216 sni.

251 3250 334 3311 'suom
341 3262 394 3295 oon-
419 3244 482 3302 Iste
500 3244 662 3301 Edwardue
683 3260 790 3315 parum
807 3243 895 3316 regni
916 3241 1041 3316 imperio
1061 3247 1181 3314 propter
1199 3260 1315 3300 morum
1334 3242 1474 3317 simplici·

248 3301 375 3395 illidium
418 3335 510 3388 tatem
529 3328 662 3396 idonens,
676 3328 740 3386 Deo
760 3333 860 3386 autem
880 3327 1005 3384 maxime
1027 3327 1160 3393 devotus,
1180 3327 1235 3382 hae
1256 3332 1318 3384 arte
1336 3328 1475 3385 tractavit

249 3401 380 3447 ΕΜΓ
418 3431 540 3470 uxorem
551 3418 585 3468 ut
598 3429 663 3469 eam
676 3430 694 3468 a
714 3417 779 3469 toro
800 3429 858 3468 non
870 3417 1021 3468 amoveret
1038 3429 1092 3468 nec
1104 3410 1186 3468 virili
1198 3429 1278 3468 more
1291 3419 1470 3484 agnosceret.

249 3509 368 3605 ‘⁴st
418 3496 480 3550 Iste
503 3493 665 3550 Edwardus
702 3534 711 3549 .
749 3535 755 3549 .
795 3535 802 3549 .
841 3536 848 3550 .
876 3495 1010 3549 exulatus
1035 3496 1067 3548 iu
1089 3494 1301 3550 Normanniam
1324 3494 1473 3550 Willelmo

248 3572 378 3657 dirimam
417 3583 610 3650 cognomento
620 3577 758 3633 bastarde
770 3578 839 3633 duci
848 3577 1085 3634 Normannornm
1097 3577 1237 3649 praestitit
1249 3585 1470 3646 sacramentum,

248 3661 366 3756 wo
418 3663 542 3734 quodsi
561 3679 615 3718 rex
635 3662 753 3734 Angliee
772 3663 835 3718 Deo
855 3668 1000 3719 annuente
1022 3663 1098 3718 foret
1118 3662 1234 3718 nullum
1251 3663 1343 3718 alium
1364 3669 1472 3734 proeter

249 3761 342 3832 norpr-
357 3726 398 3766 W
416 3748 515 3819 ipsum
523 3747 797 3803 haberetheredem.
818 3747 925 3803 Postea
934 3747 966 3802 in
974 3746 1115 3818 Angliam
1122 3763 1255 3804 remeans
1264 3747 1334 3804 fecit
1342 3747 1471 3804 dedicari

249 3811 327 3856 oun.¹
417 3831 572 3888 eeclesiam
584 3829 667 3886 Petri
686 3834 717 3886 et
736 3830 822 3887 Pauli
843 3836 916 3902 aput
936 3829 1117 3886 Londoniam
1139 3837 1169 3886 et
1181 3829 1283 3886 eodem
1304 3848 1379 3886 auno
1399 3832 1472 3890 obiit

416 3920 489 3986 aput
497 3914 802 3972 westmonasterium.
842 3913 899 3970 cui
920 3915 1063 3971 succeseit
1077 3913 1228 3970 Haraldus
1250 3919 1362 3972 extorte
1378 3913 1435 3971 fide
1454 3935 1472 3972 a

415 3998 596 4068 principibus
621 4004 651 4054 et
674 3999 811 4069 regnavit
838 4015 944 4054 novem
973 4015 1089 4054 menses
1121 4003 1151 4054 et
1173 3999 1327 4070 perpaucis
1356 3999 1468 4056 diebus.

415 4081 477 4138 Iste
496 4081 658 4140 Edwardus
679 4085 726 4139 vir
754 4083 908 4154 prophetia
934 4083 992 4139 luit
1014 4085 1127 4155 plenus.
1173 4083 1251 4140 Nam
1276 4085 1401 4156 quadam
1423 4083 1470 4138 die

415 4166 520 4223 sedens
545 4167 642 4224 subito
663 4167 696 4223 in
716 4167 823 4240 spiritu
842 4166 927 4233 rieit;
948 4185 1036 4238 quam
1056 4185 1175 4225 causam
1196 4167 1378 4238 investigans
1397 4183 1470 4222 uxor

414 4251 489 4316 cius,
502 4251 609 4317 reddit,
639 4255 769 4323 ‘septem
793 4251 971 4307 dormientes
995 4251 1027 4305 in
1050 4251 1154 4321 ypeoia
1178 4251 1360 4320 quiescentes
1383 4250 1471 4308 modo

247 4341 327 4404 “nota
416 4337 424 4361 ‘
443 4351 476 4389 se
487 4334 555 4388 hino
567 4335 744 4390 moverunt!
780 4335 848 4389 Alio
867 4342 998 4406 tempore
1008 4350 1076 4388 eum
1088 4338 1167 4388 esset
1184 4332 1261 4388 inter
1274 4349 1341 4388 suos
1353 4331 1429 4397 risit,
1440 4341 1470 4388 et

245 4404 354 4487 Q,
362 4444 388 4486 in
412 4417 574 4490 requisitus
593 4434 683 4487 quare
695 4417 809 4472 reddite
843 4421 851 4444 ‘
864 4416 1033 4474 Willelmus
1044 4433 1097 4471 rex
1110 4416 1259 4471 Danorum
1272 4415 1329 4472 huc
1348 4417 1468 4476 veniens

244 4492 401 4594 Qmm’
415 4504 434 4530 “
452 4504 488 4556 ut
498 4517 624 4574 regnum
636 4500 710 4556 mihi
720 4500 943 4572 smriperethac
956 4499 1029 4554 hora
1040 4498 1118 4554 inter
1131 4517 1199 4555 suos
1212 4499 1244 4555 in
1253 4501 1329 4555 mari
1338 4501 1469 4557 submer-

244 4592 385 4639 Dnnorum.”
413 4588 434 4614 “
455 4590 559 4642 susest
569 4585 598 4649 ;”
609 4591 639 4640 et
651 4585 694 4640 sio
702 4589 770 4656 post
780 4583 1010 4656 explorationem
1022 4584 1175 4640 inventum
1187 4591 1241 4641 est.
1263 4583 1395 4654 Quadam
1407 4586 1465 4652 die,

410 4687 478 4726 cum
491 4669 583 4725 saeris
591 4673 701 4724 astaret
712 4669 870 4724 missarum
879 4666 1050 4732 sollemniis,
1060 4667 1136 4723 vidit
1147 4685 1274 4739 puerum
1284 4670 1465 4740 speciosissi-

410 4771 492 4808 mum
503 4754 535 4808 in
547 4752 633 4822 altari
645 4759 675 4808 et
695 4759 761 4823 post
779 4753 882 4808 intres
896 4757 994 4822 partes
1008 4752 1135 4808 fractum
1153 4753 1318 4809 amanibus
1333 4753 1466 4809 secerdo-

408 4845 481 4895 tum.
495 4838 558 4894 Iste
566 4843 685 4895 sanetus
697 4837 966 4907 confessorabsque
975 4836 1077 4894 liberie
1090 4838 1218 4895 decessit
1226 4839 1295 4908 quia
1305 4837 1389 4910 virgo
1399 4855 1465 4908 per·
