3567 5800
813 891 904 939 nn
950 892 1181 941 omns
1228 891 1472 954 nucum
1519 891 1904 944 Μαι-ην.
1952 880 2014 952 4,
2051 880 2106 941 5.
2394 880 2523 943 205

418 1077 808 1145 liberatione
837 1101 1058 1166 preces
1105 1080 1537 1167 lacrimasque
1566 1082 2011 1169 profunderet,
2041 1083 2227 1171 quasi
2274 1083 2348 1147 in
2387 1083 2528 1148 haec

418 1182 623 1246 verba
683 1203 1126 1269 prorumpens
1198 1190 1236 1219 “
1260 1184 1351 1248 Et
1403 1183 1524 1264 Tu,
1573 1184 1915 1268 Domine,”
1974 1186 2213 1272 inquit,
2267 1193 2301 1221 “
2324 1208 2526 1271 usque

419 1290 596 1370 quo?
717 1283 941 1371 Usque
1001 1306 1132 1371 quo
1192 1286 1437 1351 avertis
1496 1286 1731 1353 faciem
1783 1289 1993 1354 Tuam
2026 1294 2050 1353 2
2082 1315 2089 1328 ·
2122 1288 2527 1355 oblivisceris

412 1386 651 1473 inopiae
710 1393 956 1454 nostrae
1001 1394 1071 1453 et
1132 1387 1588 1455 tribulationis
1641 1395 1937 1457 nostrae?
2012 1391 2291 1457 Sanctos
2351 1390 2525 1455 Tuos

418 1490 843 1571 occiderunt3
887 1491 1128 1556 altaria
1189 1489 1337 1556 Tua
1397 1490 1856 1573 suffoderunt3
1931 1501 2002 1560 et
2048 1516 2182 1561 non
2247 1498 2348 1559 est
2413 1494 2528 1579 qui

417 1594 722 1671 redimat,
791 1615 1005 1680 neque
1080 1593 1195 1679 qui
1264 1593 1524 1658 salvum
1601 1595 1819 1661 faciat.
1970 1595 2140 1675 Scin,
2211 1596 2521 1671 Domine,

417 1696 564 1772 sci0,
629 1695 789 1782 quia
850 1696 1076 1761 omnia
1159 1717 1309 1781 quse
1355 1695 1569 1762 fecisti
1655 1697 1864 1774 nobis,
1927 1696 2002 1762 in
2063 1719 2219 1764 vero
2279 1698 2526 1764 iudicio

419 1797 653 1863 fecisti.
773 1797 906 1864 Sed
949 1798 1279 1884 numquid
1339 1798 1411 1862 in
1473 1804 1794 1866 aeternum
1859 1800 2133 1886 proiciet
2194 1800 2391 1877 Deus,
2458 1806 2556 1872 et,

420 1922 556 1965 non
631 1905 934 1987 apponet,
1011 1904 1092 1965 ut
1165 1900 1615 1987 complacitior
1699 1902 1791 1967 sit
1864 1902 2076 1968 adhuc
2105 1902 2136 1965 ’Β
2271 1902 2525 1979 Eritne,

422 2003 708 2068 Domine
768 2004 950 2069 Deus
1017 2025 1218 2081 meuS,
1290 2005 1498 2069 eritne
1566 2004 1720 2068 finis
1779 2004 2015 2071 horum
2074 2004 2529 2071 mirabilium?

421 2111 542 2170 aut
585 2106 662 2170 in
709 2111 1034 2172 aeternum
1080 2106 1261 2171 Tuus
1315 2107 1388 2171 in
1438 2094 1558 2171 nos
1611 2127 1836 2171 mucro
1890 2106 2218 2185 desaeviet,
2270 2113 2338 2171 et
2387 2129 2529 2193 per-

420 2209 631 2274 cutiet
675 2230 880 2295 usque
929 2209 1016 2274 ad
1058 2207 1563 2274 internicionem
1585 2208 1658 2272 ?”
1749 2209 1937 2275 Inter
1991 2231 2211 2296 preces
2257 2209 2521 2274 tandem

421 2318 489 2375 et
548 2311 846 2376 lacrimas
908 2310 1267 2397 fatigatum
1337 2333 1531 2398 sopor
1593 2311 1819 2376 suavis
1865 2312 2150 2398 excepit,
2213 2312 2529 2398 videtque

422 2435 538 2500 per
612 2435 914 2478 somnum
990 2413 1239 2479 coelesti
1331 2434 1667 2479 coruscum
1742 2413 1993 2479 lumine
2081 2414 2526 2479 beatissimum

424 2515 694 2582 Petrum
738 2515 810 2579 in
856 2515 1278 2581 eminentiori
1322 2515 1755 2582 constitutum
1807 2517 1949 2583 loco
1995 2518 2271 2605 dignum
2316 2523 2525 2583 tantae

422 2619 752 2683 maiestati
811 2618 1116 2684 habitum
1185 2608 1656 2705 praeferentem,
1767 2619 2126 2685 Visebatur
2178 2626 2332 2684 ante
2376 2641 2524 2684 eum

421 2722 525 2786 vir
554 2720 848 2808 praeclari
879 2720 1124 2798 vultus
1171 2721 1245 2784 in
1290 2719 1500 2785 forma
1546 2721 1821 2800 decenti,
1870 2721 2203 2809 regalibus
2247 2721 2528 2787 amictus

425 2823 743 2909 insigniis,
857 2822 1071 2904 Quem
1117 2843 1265 2888 cum
1310 2824 1591 2911 propriis
1636 2823 1944 2888 manibus
1997 2824 2331 2912 apostolus
2376 2846 2527 2889 con-

422 2933 736 2994 secrasset
794 2931 865 2992 et
915 2927 1216 2992 unxisset
1275 2926 1350 2990 iu
1401 2948 1644 3013 regem,
1692 2927 1951 2993 monita
1996 2928 2226 2993 salutis
2269 2927 2527 3004 adiecit,

424 3031 877 3118 praecipueque
953 3028 1256 3095 coelibem
1323 3030 1535 3094 vitam
1602 3030 2084 3110 commendans,
2151 3037 2314 3115 quot
2359 3036 2529 3095 esset

422 3135 614 3199 annis
658 3137 1055 3219 regnaturus
1101 3131 1375 3218 aperuit.
1495 3131 2011 3218 Obstupefactus
2062 3131 2299 3217 praesul
2351 3136 2528 3197 tanti

424 3237 725 3303 novitate
795 3233 1113 3314 miraculi,
1160 3232 1334 3319 petit
1380 3232 1507 3298 sibi
1553 3255 1593 3298 a
1638 3238 1866 3298 sancto
1913 3233 2208 3320 apostolo
2253 3233 2528 3298 visionis

423 3340 619 3404 huius
684 3336 1077 3424 mysterium
1122 3335 1448 3417 revelari3
1524 3336 1607 3401 de
1671 3341 1855 3402 statu
1914 3337 2185 3422 insuper
2226 3338 2415 3423 regni
2460 3343 2532 3403 et

424 3443 502 3509 de
562 3441 884 3508 instantis
928 3439 1060 3505 fine
1104 3437 1380 3525 periculi
1425 3438 1863 3525 apostolicum
1907 3439 2129 3526 exegit
2172 3440 2526 3506 oraculum.

422 3547 606 3611 Tunc
673 3549 941 3610 sanctus
1009 3542 1364 3628 apostolus,
1428 3541 1625 3606 vultu
1687 3541 1943 3629 placido
2003 3542 2274 3607 intuens
2340 3543 2529 3608 intu-

422 3654 662 3728 entem,
744 3655 776 3683 “
807 3643 1143 3725 Domini‚''
1213 3643 1454 3730 inquit,
1548 3649 1585 3678 “
1618 3643 1675 3709 Ο
1752 3645 2010 3731 praesul,
2076 3643 2351 3710 Domini
2426 3653 2528 3711 est

421 3771 714 3837 regnum,
779 3754 848 3814 et
907 3747 1044 3834 ipse
1092 3746 1476 3812 dominatur
1543 3746 1617 3810 in
1684 3746 1841 3813 filiis
1884 3747 2247 3814 hominum.
2376 3749 2529 3835 Ipse

420 3851 738 3918 transfert
789 3872 1012 3938 regna,
1082 3853 1154 3915 et
1216 3853 1438 3914 mutat
1481 3847 1774 3935 imperia,
1821 3853 1890 3915 et
1949 3853 2218 3936 propter
2262 3857 2528 3937 peccata

420 3955 649 4044 populi
711 3974 989 4041 regnare
1050 3950 1211 4016 facit
1278 3950 1709 4038 hypocritam·
1835 3950 2187 4018 Peccatum
2232 3953 2528 4038 peccavit

422 4058 702 4146 populus
791 4061 952 4122 tuns
1048 4051 1358 4134 Domin0,
1452 4057 1521 4119 et
1593 4051 1874 4118 tradidit
1963 4075 2071 4120 eos
2145 4054 2218 4118 in
2293 4076 2529 4120 manus

422 4160 749 4248 gentium,
821 4165 894 4226 et
955 4154 1280 4223 dominati
1329 4159 1490 4220 sunt
1564 4176 1791 4220 eorum
1863 4155 1979 4241 qui
2048 4156 2333 4221 oderunt
2402 4178 2525 4223 eos.

425 4264 558 4329 Sed
617 4284 756 4328 non
814 4260 1241 4325 obliviscetur
1298 4257 1519 4324 miseri
1585 4257 1788 4335 Deus,
1853 4278 1975 4322 nec
2022 4258 2393 4324 continebit
2452 4259 2526 4324 in

423 4367 523 4432 ira
563 4389 685 4431 sua
728 4361 1208 4429 misericordias
1252 4382 1419 4426 suas.
1531 4359 1683 4424 Erit
1732 4358 1931 4436 enim,
1979 4381 2128 4425 cum
2186 4361 2527 4427 dormieris

425 4492 569 4534 cum
620 4465 926 4556 patribus
973 4463 1112 4531 tuis
1155 4462 1452 4550 sepultus
1497 4462 1571 4527 in
1615 4467 1952 4527 senectute
1998 4462 2187 4541 bona,
2220 4464 2526 4530 visitabit

427 4571 753 4636 Dominus
798 4567 1114 4656 populum
1159 4587 1371 4644 suum,
1417 4570 1486 4630 et
1529 4564 1727 4630 faciet
1770 4563 2287 4651 redemptionem
2318 4565 2528 4652 plebis

422 4695 573 4739 suae.
667 4672 892 4757 Eliget
920 4670 1099 4736 enim
1143 4668 1272 4734 sibi
1316 4667 1532 4733 virum
1581 4668 1940 4733 secundum
1984 4689 2093 4733 cor
2141 4689 2350 4746 suum,
2412 4669 2528 4754 qui

423 4776 622 4842 faciat
652 4796 878 4840 omnes
907 4772 1288 4839 voluntates
1317 4793 1505 4849 suas3
1554 4770 1668 4856 qui
1699 4792 1806 4836 me
1834 4770 2205 4857 opitulante
2248 4793 2527 4858 regnum
