3567 5800
409 872 456 920 nn
477 871 591 922 srsrrs
613 873 735 928 resurr
756 873 949 925 eron-w.
966 861 1019 937 20,
1044 861 1097 924 21.
1204 863 1269 924 255

217 1057 341 1145 ignitos
363 1081 509 1125 vomeres
531 1060 628 1125 nudis
650 1059 788 1148 pedibus
810 1065 844 1126 et
865 1061 972 1148 plenis
994 1062 1142 1149 vestigiis
1164 1062 1271 1128 illaesa

216 1161 395 1238 transierit,
427 1162 469 1227 ab
491 1161 696 1248 impetitione
726 1163 791 1228 iste
813 1163 935 1230 evadat
959 1163 1138 1230 absoluta''
1183 1156 1272 1230 Prae-

218 1263 336 1349 figitur
358 1263 432 1330 ilico
454 1265 615 1329 examinis
639 1265 730 1345 dies;
761 1287 826 1350 quo
856 1287 917 1330 rex
947 1272 982 1332 et
1004 1267 1102 1332 ceteri
1126 1288 1273 1352 proceres

218 1370 355 1452 excepto
384 1367 452 1432 solo
483 1365 628 1433 Roberto
658 1367 899 1454 archiepiscopo
928 1374 1160 1434 convenenmt
1208 1368 1274 1434 Sed

220 1473 317 1534 nocte
338 1468 543 1554 precedente
565 1469 682 1539 mulier
705 1469 744 1534 ad
770 1470 953 1556 sepulcrum
979 1471 1085 1536 sancti
1108 1470 1274 1538 Swithuni

219 1569 412 1658 Wyntoniae
449 1593 602 1658 perorans
640 1572 848 1640 confortatur.
910 1573 974 1640 Die
1010 1595 1089 1642 vero
1122 1575 1273 1659 sequenti
1286 1594 1434 1659 rusqueen

218 1673 339 1738 velatis
377 1673 478 1739 oculis
515 1673 638 1762 ignitos
675 1696 823 1740 vomeres
861 1675 911 1740 nil
952 1675 1030 1741 hesa
1073 1675 1271 1762 pertransiit
1284 1662 1444 1778 wales*

218 1776 312 1841 Tunc
345 1797 404 1840 rex
435 1776 649 1863 ingemiscens
680 1782 715 1842 et
751 1776 884 1843 veniam
922 1783 1045 1865 petens,
1085 1778 1272 1864 disciplinas
1284 1795 1409 1845 amared·

219 1878 263 1943 eb
287 1883 436 1964 utroque,
471 1880 610 1967 praesule
641 1879 765 1946 scilieet
787 1884 822 1945 et
844 1885 957 1957 matre,
981 1881 1123 1968 recepit;
1160 1861 1431 1978 abutafflussl

207 2002 349 2067 ,quoque
371 1981 436 2047 illis
458 1983 613 2048 restituit.
659 1981 787 2072 Regina
801 2003 881 2051 vero
904 1981 1023 2047 Emma
1044 1983 1137 2048 dedit
1158 1989 1272 2049 sancto
1285 2006 1353 2059 ffista
1364 2016 1392 2058 to

220 2083 399 2150 swithuno
436 2106 556 2150 novem
592 2084 748 2162 maneria,
787 2089 822 2150 et
859 2086 1025 2172 episcopus
1056 2086 1123 2150 aha
1153 2109 1272 2152 novem
1285 2073 1445 2131 sesaithin.

221 2185 378 2266 maneria,
401 2192 535 2273 propter
556 2186 630 2252 illos
659 2209 779 2254 novem
808 2208 955 2252 vomeres
977 2209 1059 2273 quos
1082 2188 1201 2254 Emmu
1222 2212 1271 2255 re·

220 2289 302 2376 gina
334 2289 534 2376 pertransiit.
589 2287 753 2354 Robertus
786 2311 864 2354 vero
895 2289 1153 2377 archiepiscopus
1186 2291 1414 2387 fugiirrghtor

220 2397 318 2456 extra
349 2391 515 2477 Angliam.
561 2390 658 2456 Vixit
688 2397 798 2458 autem
832 2392 991 2478 praedicte
1018 2394 1133 2480 regina
1161 2399 1275 2480 postea
1285 2389 1387 2439 3⁰¹*st-

221 2493 370 2580 pluribus
405 2494 499 2558 annis
525 2494 677 2576 ‚serviens
711 2494 782 2560 Deo
809 2494 961 2581 operibus
982 2495 1077 2561 bonis
1088 2522 1098 2579 ;
1135 2503 1170 2562 et
1199 2503 1408 2584 postuma

221 2595 396 2664 laudabilis
418 2595 498 2664 vica
521 2617 652 2668 cursum
674 2597 758 2662 obiit
779 2597 815 2662 iu
829 2599 920 2664 vium
941 2598 1166 2684 perfectorum,
1185 2622 1272 2666 auno
1284 2603 1382 2707 ffi&

220 2698 376 2764 videlicet
408 2697 592 2764 Dominicis
628 2699 862 2766 incarnationis
899 2699 1073 2768 millesimo
1109 2702 1352 2788 quinqua-Au.
1368 2729 1438 2778 1052,

219 2800 343 2886 gesimo
376 2801 518 2866 seeundo
530 2824 539 2880 ;
577 2806 612 2866 et
633 2801 825 2886 Wyntoniae
855 2802 891 2867 in
922 2804 1058 2870 eeclesia
1093 2805 1273 2872 cathedrali

222 2908 273 2969 est
295 2903 480 2972 honorifice
495 2903 620 2969 tradita
641 2904 826 2991 sepulturae.
871 2905 1014 2973 Praefata
1027 2913 1140 2974 summ
1156 2908 1275 2972 Emma

222 3006 408 3092 Anglorum
429 3007 543 3093 regina
565 3006 656 3074 ducis
672 3006 805 3079 Ricardi
820 3008 1086 3080 Normannorum
1107 3009 1174 3076 fuit
1187 3010 1276 3095 filia3

223 3130 308 3195 quae,
339 3113 379 3175 ut
400 3108 553 3188 diximus,
585 3109 738 3197 primitus
764 3109 923 3178 extiterat
944 3111 1141 3199 desponsata
1163 3110 1277 3179 Ethel-

223 3212 303 3277 redo
325 3212 509 3299 Anglorum
539 3213 617 3300 regi,
651 3212 737 3299 patri
759 3212 881 3281 seilicet
911 3212 1071 3285 Edwardi
1091 3214 1199 3300 regis3
1242 3219 1279 3279 at

222 3318 356 3379 mortuo
378 3314 556 3384 Ethelrodo
581 3314 728 3382 Onutoni
750 3314 820 3401 regi
836 3314 1021 3403 Anglorum
1044 3321 1079 3384 et
1106 3315 1277 3385 Danorum

224 3416 437 3503 postmodum
458 3417 525 3483 fuit
546 3418 710 3488 maritata

551 3792 552 3797 a
655 3720 733 3790 Ore.
759 3720 853 3785 XXI.
1289 3746 1428 3813 Ποινῆς.

1289 3814 1417 3879 arnog.

261 3881 359 3966 Quod
381 3902 439 3949 rec
460 3880 657 3949 Edwardars
677 3880 835 3951 teuniter
857 3882 995 3950 classem
1017 3883 1238 3971 myrtali-
1289 3880 1444 3999 ffldj’m

273 4044 385 4111 Orsus
413 4044 527 4111 eudem
557 4048 706 4129 tempora
735 4065 797 4109 rex
818 4042 1003 4131 Anglorum
1025 4038 1213 4113 Edwardus
1235 4048 1401 4142 adsrvate

228 4145 395 4213 Sandwici
439 4152 571 4232 portum
625 4144 759 4211 classem
803 4147 1018 4233 praevalidam
1066 4151 1278 4237 congregavit
1291 4146 1396 4183 mma

227 4255 343 4315 eontra
372 4270 482 4335 regem
512 4248 708 4318 Noricorum
741 4250 873 4317 nomine
905 4249 1092 4317 Haroldum
1130 4198 1386 4341 Haffagepeaple

227 4350 384 4437 Angliam
400 4373 587 4439 oppugnare
601 4352 835 4438 disponentem
881 4352 947 4418 Sed
968 4354 1092 4421 bellum
1114 4378 1136 4420 a
1157 4356 1280 4423 Swano
1292 4332 1429 4465 gffigffi.

228 4454 400 4523 Danorum
422 4476 497 4541 rege
520 4454 625 4521 eidem
655 4454 803 4521 Haroldo
832 4456 964 4526 illatum
986 4457 1167 4524 adventum
1191 4459 1279 4524 illiue

229 4562 264 4621 st
285 4556 490 4642 propositum
512 4558 695 4643 impedivit.

1063 4716 1280 4725 -..ψ-υ

477 4807 491 4836 *
509 4808 543 4859 So
551 4806 682 4871 Bremton,
693 4808 740 4859 ccl.
751 4814 807 4859 938.
852 4809 971 4875 Magnus,
982 4811 1048 4861 Flor.
