3567 5800
371 875 418 924 on
440 875 558 926 unsrre
582 875 705 928 aneon
727 873 920 926 suen-rr.
939 860 1056 924 22-24.
1169 860 1233 926 259

182 1062 269 1128 idem
294 1061 479 1130 Edwardus
508 1065 624 1130 vivens
654 1069 809 1150 tempore,
831 1063 868 1126 in
885 1062 967 1128 urbe
990 1059 1233 1126 Londoniarum
1245 1073 1375 1124 Dauos

182 1166 289 1230 vitam
314 1167 519 1246 terminavit,
556 1165 680 1233 relictis
717 1167 779 1231 sub
809 1165 958 1231 custodia
986 1166 1071 1252 regie
1101 1142 1390 1259 Edgaroffi'ffid,

182 1267 251 1333 filio
275 1289 334 1334 suo
358 1290 433 1334 eum
455 1269 588 1335 filiabus
610 1270 678 1334 suia
699 1269 873 1356 praedictis.
1244 1275 1330 1326 mund-

591 1665 671 1734 Ore.
695 1665 831 1736 XXIV.
1244 1686 1315 1738 vn.

1244 1755 1332 1809 Mnlm.
1343 1757 1372 1808 ii.

231 1871 285 1936 Dc
303 1868 416 1958 poetis
437 1867 530 1936 taur
551 1869 751 1938 Herolduma
773 1876 803 1936 et
824 1869 945 1938 darm
973 1867 1188 1940 Witbtraaa
1244 1821 1402 1954 {dissime

1245 1957 1313 2006 nl).
1326 1963 1403 2016 10593

231 2059 313 2128 em
336 2060 406 2128 aux
422 2061 588 2131 narona
609 2063 647 2128 en
670 2062 792 2149 prauo
813 2061 895 2128 aaa
917 2062 978 2142 sur,
1001 2061 1123 2128 senaa
1144 2024 1403 2149 apuufflt,

186 2163 358 2244 Bosehanr,
384 2163 625 2252 perendinaret,
658 2164 712 2231 die
742 2165 886 2252 quadam
919 2187 1039 2234 navem
1069 2165 1235 2252 ingressus

184 2267 407 2353 piscatoriam,
445 2273 486 2336 ut
524 2268 672 2334 animum
717 2289 813 2335 suum
851 2267 1038 2347 oblectaret,
1084 2267 1236 2334 intravit.

187 2369 337 2455 Cumque
368 2368 447 2435 ludo
479 2371 621 2457 longiori
648 2371 684 2434 in
716 2371 822 2438 altum
855 2392 946 2436 mare
976 2370 1237 2458 progrederetur,

186 2473 324 2538 adversa
347 2473 457 2538 subito
481 2477 678 2560 tempestate
700 2474 845 2554 suborta,
872 2473 942 2560 ipse
972 2495 1048 2538 cum
1070 2473 1238 2540 sodalibus

185 2575 221 2640 in
244 2575 426 2641 Pontivnm
449 2575 658 2662 compellitur
687 2598 817 2663 pagum.
876 2575 943 2656 Qui
973 2576 1016 2642 ab
1049 2575 1238 2642 hominibus

185 2679 328 2765 regionis
352 2684 467 2765 captus
491 2685 525 2744 et
547 2678 689 2746 vinculis
719 2679 915 2744 constrictus
938 2679 1066 2764 subque
1088 2678 1239 2746 custodia

186 2779 339 2846 carcerali
371 2780 528 2846 detrusus
588 2781 771 2867 Imponunt
803 2781 842 2860 ei,
874 2781 985 2868 ipsum
1018 2781 1097 2848 illuc
1126 2781 1238 2868 explo-
1249 2792 1380 2869 Harpleia

186 2883 283 2948 randi
316 2883 424 2969 gratia
458 2882 636 2949 advenisse.
684 2883 853 2949 Haroldus
886 2890 998 2950 astuto
1030 2890 1160 2972 pectore
1198 2888 1237 2948 ut
1250 2860 1392 2980 ffiffl

186 2986 384 3051 liberaretur
421 2987 625 3074 excogitans,
655 2987 812 3052 nuntium
842 2988 1010 3073 promissis
1047 2987 1238 3074 ingentibus
1251 2993 1385 3045 Penthiau.

187 3089 362 3153 inductum
394 3089 437 3153 ad
468 3089 585 3154 ducem
617 3090 876 3155 Normannicum
899 3088 1103 3155 willelmum
1134 3095 1240 3153 trans-

188 3191 289 3271 misit,
313 3190 474 3256 mandans
497 3214 531 3257 se
554 3214 575 3257 a
590 3214 672 3278 rege
697 3191 863 3258 Eduardo
893 3192 937 3255 ad
966 3193 1075 3279 ipsum
1098 3191 1241 3255 destina

187 3298 271 3370 turn,
287 3299 327 3359 ut
349 3292 452 3358 ardua
475 3296 624 3380 quaedam
640 3295 775 3380 negotia
798 3294 965 3359 revelaret.
1011 3293 1118 3361 Addit
1140 3294 1242 3358 etiam

186 3418 256 3461 sese
280 3418 300 3459 a
332 3396 493 3461 Godwino
525 3399 643 3463 comite
666 3395 822 3462 Pontivi¹
857 3397 893 3461 in
917 3396 1057 3462 vinculis
1091 3396 1242 3475 detineri,

190 3499 367 3585 quominus
404 3499 495 3585 regia
532 3504 716 3585 exequetur
749 3500 916 3565 mandata.
980 3500 1037 3564 Ita
1074 3498 1243 3565 Haroldus

190 3600 358 3665 Willelmo
380 3602 559 3676 mandente
582 3602 742 3667 liberatus
766 3608 823 3680 est,
853 3601 896 3667 ab
928 3602 999 3689 ipso
1023 3602 1185 3667 Godwino
1208 3603 1244 3667 in

189 3702 224 3768 N
226 3704 431 3769 ermanniam
453 3709 504 3769 est
526 3703 695 3770 adductus.
742 3704 846 3785 Quem
863 3704 1049 3770 Willelmus
1068 3704 1244 3771 honorifice
1257 3717 1306 3766 Hir
1317 3713 1411 3764 ortheo

190 3806 378 3892 suscipiens,
418 3807 454 3871 in
493 3807 660 3873 alimentis
698 3814 733 3874 et
766 3808 917 3875 vestibus
955 3810 1064 3895 ipsum
1101 3810 1245 3875 civiliter
1256 3778 1414 3911 fflffldffi

190 3910 367 3975 decoravit.
413 3908 505 3975 Tunc
528 3909 704 3990 Haroldus,
729 3915 769 3975 ut
791 3911 880 3998 apud
902 3911 1106 3977 Willelmum
1129 3911 1244 3978 ducem

143 4076 145 4079 ,
191 4012 378 4078 uberiorem
400 4014 541 4100 gretiam
563 4014 738 4093 inveniret,
763 4019 908 4078 castrum
926 4013 1141 4080 Doroberniae
1157 4015 1246 4100 quod

191 4116 236 4180 ad
259 4115 311 4179 ius
333 4136 429 4181 suum
452 4115 624 4203 spectabat
647 4122 680 4181 et
703 4119 778 4203 post
804 4120 946 4183 mortem
978 4114 1138 4181 Edwardi
1160 4117 1245 4203 regis

191 4238 331 4304 regnum
358 4217 489 4304 Anglioe
519 4222 721 4283 sacramento
739 4217 907 4282 ¹firmavit.
971 4216 1080 4297 Quare
1108 4224 1143 4283 et
1169 4218 1247 4284 filiae

192 4318 302 4385 adhuc
323 4320 470 4406 parvulae
494 4320 708 4407 desponsione
732 4324 766 4385 et
788 4320 892 4384 totius
915 4320 1109 4405 patrimonii
1131 4320 1248 4407 ampli-

192 4422 310 4487 tudine
339 4422 491 4505 donatus,
516 4424 690 4489 familiaris
713 4422 803 4510 apud
825 4421 1032 4488 Willelmum
1055 4424 1248 4489 habebatur.

193 4524 345 4589 Tradunt
367 4530 479 4591 autem
501 4525 599 4591 aliter
622 4525 697 4603 alii3
737 4523 824 4611 quod
852 4524 1007 4590 videlicet
1034 4524 1203 4590 Haroldus
1230 4548 1250 4589 a

191 4648 268 4713 rege
303 4626 469 4692 Edwardo
492 4628 605 4740 fueritb
623 4627 666 4691 ad
688 4627 750 4691 hoc
781 4627 817 4690 in
848 4626 1090 4692 Normanniam
1123 4627 1249 4705 missus,

247 4862 254 4891 ¹
276 4860 396 4911 chwiuo
406 4863 490 4912 comite
501 4861 613 4929 Pontica]
632 4863 744 4915 Widoue
755 4863 932 4915 Abbatisvilla·
943 4864 1042 4927 comite,
1054 4865 1115 4916 wir.
1128 4866 1201 4917 Gem.

1056 4964 1079 5009 n
1095 4951 1115 5011 2
