3567 5800
521 870 585 940 278
788 887 855 935 nro.
878 885 926 934 nn
946 883 1079 934 crunno.
1102 883 1190 934 orno.
1213 883 1299 932 mer.

520 1095 603 1162 pene
636 1073 764 1159 lopsurn
802 1071 961 1152 incurrit3
1007 1091 1106 1156 quem
1139 1074 1254 1136 tomen
1284 1091 1342 1156 pes
1374 1071 1456 1135 nlius
1476 1074 1576 1135 recto

520 1199 633 1265 gressu
657 1173 833 1262 procedens
854 1175 977 1240 iterum
1003 1174 1040 1238 in
1062 1177 1190 1239 etatum
1213 1194 1311 1237 ouum
1334 1173 1419 1238 nihil
1438 1173 1576 1238 iniuriae

519 1299 653 1366 puerum
690 1277 807 1344 erexit.
869 1277 921 1342 De
958 1277 1020 1341 hoo
1060 1281 1185 1342 eventu
1221 1276 1372 1362 pluribus
1407 1278 1494 1341 inter
1532 1297 1575 1341 ee

519 1380 731 1469 loquentibus
767 1385 801 1446 et
839 1379 927 1465 quod
963 1401 1021 1466 pes
1054 1378 1131 1466 pedi
1169 1378 1363 1444 subvenerit
1398 1379 1578 1466 gratulan-

519 1485 622 1563 tibus,
659 1504 765 1549 comes
791 1482 885 1568 quael
920 1481 1064 1548 ludendo
1104 1481 1230 1560 intulit,
1262 1491 1281 1517 “
1296 1481 1352 1548 sio
1381 1487 1432 1547 eet
1464 1481 1575 1547 freter

519 1588 653 1653 fratrem
685 1585 846 1651 adiuvans
877 1590 912 1650 et
941 1585 1026 1649 alter
1064 1584 1161 1649 alteri
1198 1585 1235 1649 in
1272 1585 1466 1650 neoeeeitote
1490 1583 1574 1649 oub-

520 1688 686 1755 veniene.”
740 1688 786 1753 Et
808 1709 869 1752 rex
891 1687 937 1752 ad
966 1687 1093 1765 duoem,
1127 1695 1145 1722 “
1161 1685 1265 1768 Hoo‚”
1294 1687 1413 1773 inquit,
1442 1695 1576 1752 “meus

519 1793 621 1858 frater
663 1791 745 1856 mihi
782 1790 988 1867 senioretti
1024 1789 1207 1855 Godwinue
1243 1789 1305 1856 hoo
1342 1789 1575 1878 permisisset-’¹

519 1896 575 1961 Ad
609 1895 694 1960 hono
724 1915 835 1958 vooem
874 1892 1057 1958 Godwinue
1095 1892 1240 1979 expavit,
1281 1897 1316 1958 et
1349 1894 1478 1958 tristem
1511 1893 1574 1958 ad-

519 1999 654 2064 modum
676 1997 940 2084 proferenrt
866 1996 996 2060 vultum
1041 1994 1177 2073 “Soio’'
1214 1997 1316 2076 ιιὶίι,ί
1317 1996 1371 2062 ‘0
1401 2018 1469 2074 rex,
1491 1997 1572 2075 ocio,

519 2101 626 2166 adhuc
659 2100 700 2165 de
730 2103 836 2164 morte
858 2097 972 2163 fratris
1002 2098 1055 2162 tui
1086 2103 1166 2163 tuus
1187 2120 1240 2164 me
1270 2105 1400 2165 ooousot
1428 2100 1573 2178 enimus,

519 2226 578 2269 neo
600 2202 757 2268 odhuo'
730 2225 777 2267 ere
792 2201 937 2268 aeotimne
961 2199 1235 2267 discredendum¹
1238 2253 1247 2282 ,
1271 2203 1328 2287 qui
1350 2225 1402 2267 me
1423 2202 1477 2267 vel
1497 2203 1574 2266 eius

519 2307 573 2370 vel
606 2309 703 2370 tuum
736 2302 881 2370 voount⁹
915 2303 1123 2389 proditorem
1185 2303 1251 2370 Sed
1281 2310 1479 2370 secretorum
1500 2326 1574 2370 om-

520 2408 613 2473 nium
636 2406 782 2474 oonsoius
798 2405 888 2472 Deue
910 2405 1045 2484 iudioet,
1061 2410 1095 2471 et
1117 2406 1164 2472 oio
1178 2406 1356 2472 buccellam
1371 2408 1455 2472 hono
1469 2427 1572 2493 quem

520 2531 621 2575 manu
655 2514 751 2575 teneo
781 2513 900 2594 guttur
930 2529 1040 2574 meum
1070 2507 1173 2574 sociat
1208 2510 1416 2596 pertransire,
1448 2515 1482 2574 et
1514 2530 1572 2574 me

519 2618 629 2679 servet
664 2611 813 2689 illaesurn,
844 2611 930 2675 siout
951 2631 1012 2676 neo
1033 2613 1102 2677 tuae
1123 2612 1323 2698 proditionis
1344 2633 1420 2678 reue
1444 2633 1504 2678 neo
1527 2611 1572 2677 de

520 2715 631 2782 fratris
647 2714 809 2780 tui·neoo
839 2713 923 2777 mihi
944 2713 1092 2780 ooneoins
1127 2714 1263 2780 existo?
1324 2715 1475 2801 Cumque
1513 2716 1571 2780 vir

520 2823 653 2885 sanetus
674 2816 854 2883 buooellam
876 2838 980 2880 manu
993 2815 1188 2882 benedioeno
1211 2818 1381 2905 signasset,
1397 2819 1496 2884 miser
1511 2818 1571 2884 ille

520 2922 569 2989 ori
592 2944 664 2988 eom
687 2920 830 2987 inferens
861 2941 966 3005 usque
991 2920 1029 2984 in
1051 2920 1197 2985 medium
1218 2922 1366 3009 gutturis
1395 2924 1572 3008 protraxit

520 3026 677 3111 Temptat
699 3022 837 3089 interius
859 3022 1000 3102 trahere,
1015 3044 1075 3087 neo
1089 3022 1200 3087 veluit
1216 3046 1225 3100 ;
1248 3028 1393 3110 temptat
1407 3024 1570 3102 emittere,

520 3128 577 3194 sed
598 3126 695 3193 haeeit
717 3125 851 3190 firmius.
898 3124 981 3190 Mox
1003 3130 1132 3189 meatus
1155 3125 1276 3211 quibus
1301 3126 1482 3192 ducebatur
1503 3128 1572 3214 spi·

519 3232 603 3297 ritus
626 3228 857 3306 oboluduntur,
881 3232 1078 3293 evertuntur
1100 3228 1194 3305 oculi,
1222 3228 1374 3295 brnoehin
1395 3230 1571 3317 rigescunt

520 3333 679 3398 Intuetur
715 3352 775 3397 rex
808 3329 985 3396 infeliciter
1019 3330 1226 3411 morientem,
1263 3336 1299 3397 et
1334 3332 1493 3398 ultionem
1534 3333 1572 3397 in

519 3458 593 3501 oum
623 3434 768 3499 sentiens
795 3432 987 3519 proceoo'moe
1011 3433 1179 3513 Divinam,
1202 3439 1351 3500 ostentes
1380 3434 1570 3521 alloquitur,

521 3534 755 3612 “Exomhiuj’
779 3536 942 3622 inquiens,
967 3542 987 3577 “
1002 3557 1118 3602 canem
1142 3536 1272 3602 iotum''
1321 3536 1414 3603 Hine
1441 3538 1571 3624 liquido

520 3643 664 3725 apparet,
690 3642 850 3723 quantum
872 3639 943 3703 vim
966 3642 1002 3704 et
1023 3638 1199 3705 effioeoiom
1228 3639 1287 3705 illo
1308 3644 1423 3705 renota
1450 3662 1572 3706 monus

520 3741 647 3819 hebuit,
675 3740 719 3805 ad
749 3741 841 3806 ouius
872 3745 1000 3806 motum
1030 3742 1175 3807 buooello
1204 3742 1335 3807 modion
1371 3742 1408 3808 in
1437 3748 1571 3809 tentem

520 3843 655 3908 virtutis
677 3843 796 3909 molem
826 3844 982 3923 exerevit,
1006 3849 1045 3909 ut
1071 3865 1178 3930 neque
1204 3845 1266 3911 eici
1288 3850 1399 3932 posset
1427 3866 1488 3911 neo
1509 3868 1572 3932 per

519 3946 632 4012 solitos
647 3950 775 4011 meatus
798 3946 937 4026 traduci,
964 3946 1023 4011 ned
1043 3968 1124 4011 mox
1146 3968 1222 4012 ennr
1244 3946 1319 4013 vite
1332 3947 1487 4035 privavit,
1510 3950 1571 4035 qui

518 4049 639 4114 necin
673 4048 782 4114 verbis
804 4049 980 4114 veritatem
1005 4068 1066 4113 neo
1089 4050 1125 4115 in
1150 4049 1268 4115 Divini
1300 4050 1442 4116 nominis
1476 4052 1572 4116 edin-

519 4150 648 4217 rntione
683 4152 902 4219 reverentiam
936 4150 1129 4218 observavit.
1206 4151 1281 4219 Hoo
1317 4153 1467 4219 videntes
1507 4154 1572 4219 filii

353 4254 464 4373 fflDedess,
521 4254 676 4321 Godwini
706 4256 763 4342 qui
792 4260 872 4320 tuno
906 4254 1081 4336 affuerunt,
1118 4259 1336 4322 extraxerunt
1371 4262 1498 4344 putrem
1528 4256 1571 4323 de

383 4322 508 4375 ''m''
519 4378 633 4424 moneo
650 4363 686 4423 et
707 4380 783 4445 rege
797 4358 1022 4445 ignorantem
1037 4359 1143 4424 veteri
1164 4360 1363 4425 monasterio
1377 4358 1571 4444 Wyntoniae

519 4462 718 4548 sepelierunt
747 4482 829 4527 eum
890 4460 978 4524 Num
1014 4460 1104 4527 istud
1148 4460 1271 4527 fontum
1307 4460 1349 4527 de
1385 4466 1500 4540 morte,
1530 4466 1573 4528 nt

552 4802 560 4833 ¹
577 4798 767 4867 deomedum]
786 4796 1052 4866 discerendnmllsl
1129 4801 1141 4829 ²
1155 4798 1254 4865 mour]
1267 4798 1376 4863 vocarit,
1387 4798 1443 4851 MS.
