3567 5800
787 899 881 946 m:
927 897 1157 948 ossns
1201 899 1444 949 amma
1485 899 1869 950 Axon—w.
1917 886 2154 952 36-38.
2407 888 2531 951 291

433 1084 769 1170 angularis
827 1090 1183 1173 utrumque
1251 1089 1567 1176 populum
1621 1089 1972 1176 copulavit.
2089 1089 2315 1155 Habet
2363 1112 2539 1156 nunc

433 1193 607 1253 certe
669 1189 749 1254 de
809 1208 1046 1276 genere
1111 1192 1477 1278 Anglorum
1532 1191 1779 1278 Anglia
1848 1213 2107 1279 regem3
2180 1192 2383 1257 habet
2460 1194 2539 1258 de

436 1291 664 1356 eadem
709 1299 907 1379 gente
956 1295 1287 1381 episcopos
1331 1300 1399 1359 et
1445 1295 1757 1375 abbates3
1823 1294 2024 1361 habet
2070 1299 2139 1360 et
2197 1297 2538 1382 principes,

434 1394 680 1460 milites
741 1396 942 1461 etiam
990 1398 1291 1484 optimos,
1354 1398 1471 1483 qui
1530 1420 1614 1463 ex
1675 1398 2021 1483 utriusque
2080 1398 2346 1463 seminis
2393 1422 2541 1464 con-

433 1497 769 1564 iunctione
820 1501 1141 1586 procreati
1189 1499 1337 1565 aliis
1388 1500 1620 1566 honori
1671 1504 1845 1577 sunt,
1909 1498 2058 1564 aliis
2099 1501 2543 1569 consolationi.

436 1598 509 1664 Si
569 1600 676 1665 cui
734 1601 877 1667 hoec
937 1602 1343 1688 displicuerit
1403 1603 1748 1690 expositio,
1801 1607 1920 1667 aut
1968 1603 2109 1688 ipse
2169 1603 2366 1668 aliter
2426 1626 2539 1668 ex-

433 1706 655 1788 ponat,
703 1706 823 1766 aut
866 1703 1050 1768 aliud
1093 1709 1352 1791 tempus
1398 1725 1527 1790 quo
1573 1705 1713 1770 haec
1761 1705 2151 1791 expleantur
2201 1710 2539 1791 expectet3

436 1827 519 1869 ne
578 1804 903 1892 propheta
967 1806 1303 1894 prophetae
1362 1808 1743 1873 inveniatur
1805 1807 2188 1887 contrarius,
2243 1830 2362 1873 nec
2407 1830 2540 1873 cre-

436 1907 636 1972 datur
725 1907 1044 1975 Sanctum
1129 1910 1534 1976 Edwardum
1609 1929 1878 1999 negasse
1954 1911 2130 1999 quod
2222 1911 2542 1978 Sanctum

436 2009 867 2076 Dunstanum
914 2013 1221 2078 novimus
1266 2014 1652 2100 promisisse.
1747 2014 1878 2079 His
1930 2015 2096 2080 forte
2142 2037 2277 2080 non
2321 2016 2543 2081 incon-

434 2114 775 2181 venienter
822 2116 1086 2181 insertis
1134 2115 1221 2181 ad
1272 2118 1671 2184 narrationis
1725 2119 2018 2185 ordinem
2064 2120 2421 2185 redeamus.

1184 2534 1341 2603 OAP.
1388 2531 1802 2606 XXXVIII.

483 2751 581 2820 De
629 2750 903 2822 ultmis
946 2752 1161 2821 verbis
1189 2752 1531 2823 Edwards&
1579 2753 1759 2843 regis
1813 2761 1872 2823 et
1923 2754 2113 2824 obitu
2158 2755 2474 2824 eiusdem.
2565 2707 2773 2824 ffi‘ci}

2567 2857 2667 2906 seq-

533 2972 785 3039 SCIENS
831 2974 1057 3059 itaque
1104 2996 1222 3039 rex
1268 2974 1503 3040 beatus
1557 2969 1713 3060 quia
1773 2973 2332 3062 appropinquavit
2384 2973 2545 3037 hora
2569 2958 2878 3074 ξῗθὲἒὲῑ

444 3073 583 3141 eius
615 3082 690 3141 ut
721 3077 1030 3141 transiret
1076 3073 1156 3142 de
1199 3076 1324 3142 hoc
1368 3077 1613 3142 mundo
1659 3076 1745 3140 ad
1780 3073 2135 3156 Christum,
2177 3075 2366 3140 iubet
2397 3097 2545 3139 suos

442 3201 485 3243 a
513 3179 779 3244 fletibus
823 3184 1204 3266 temperare,
1238 3202 1357 3245 nec
1385 3178 1695 3244 laetitiam
1726 3198 1925 3264 quam
1966 3199 2110 3265 spes
2140 3176 2548 3265 parturiebat

443 3281 672 3346 inutili
716 3277 1001 3368 quadam
1046 3282 1443 3371 interpolare
1483 3281 1806 3361 tristitia3
1852 3287 1920 3346 et
1953 3281 2137 3367 quasi
2183 3280 2286 3345 his
2330 3278 2550 3345 verbis

442 3388 734 3451 astantes
811 3384 1223 3467 conveniens,
1320 3391 1355 3421 “
1376 3385 1450 3451 Si
1512 3381 1873 3473 diligeretis
1896 3384 1925 3409 ''
1995 3384 2296 3470 [inquit,]
2362 3391 2397 3417 “
2426 3405 2546 3460 me,

443 3484 820 3574 gauderetis
849 3489 1087 3575 itaque,
1111 3488 1268 3575 quia
1286 3488 1457 3554 vado
1489 3486 1575 3552 ad
1607 3487 1872 3552 Patrem
1904 3488 2218 3574 promissa
2248 3485 2552 3552 fidelibus

441 3589 686 3677 gaudia
728 3598 1168 3679 percepturuS,
1201 3614 1334 3657 non
1377 3591 1541 3657 meis
1585 3589 1856 3669 meritis
1888 3590 2003 3656 sed
2032 3591 2248 3678 gratia
2282 3587 2552 3655 Domini

447 3691 813 3760 Salvatoris
860 3694 973 3781 qui
1020 3694 1368 3760 miseretur
1416 3694 1519 3760 cui
1573 3694 1860 3759 voluerit
1905 3698 1974 3759 et
2040 3693 2553 3759 misericordiam

449 3801 728 3884 praestat
757 3794 830 3861 in
861 3819 1053 3883 quem
1085 3794 1210 3863 sibi
1239 3794 1577 3884 placuerit.
1669 3792 1807 3863 Vos
1839 3800 2061 3862 autem
2092 3795 2376 3862 amicum
2408 3818 2552 3882 pre-

445 3896 631 3966 cibus
658 3897 1143 3987 prosequimini,
1178 3905 1245 3965 et
1286 3896 1742 3966 obsidentibus
1783 3923 2004 3966 meum
2048 3899 2176 3965 iter
2205 3901 2292 3965 ad
2320 3920 2555 3985 supera

444 4002 714 4090 psalmis
774 3999 1331 4091 eleemosynisque
1402 4003 1690 4069 resistite
1722 4028 1739 4084 3
1848 4003 2160 4090 quoniam
2236 4003 2391 4068 licet
2465 4001 2552 4066 ab

445 4104 549 4171 his
596 4107 887 4193 superari
931 4106 1095 4171 fides
1142 4101 1460 4172 Crucifixi
1500 4128 1637 4171 non
1681 4108 1903 4192 possit,
1936 4107 2056 4171 vix
2101 4112 2328 4171 tamen
2373 4103 2550 4191 quis-

451 4231 650 4294 quam
679 4210 777 4274 ita
806 4208 1131 4296 perfectus
1170 4214 1288 4291 est,
1320 4214 1399 4273 ut
1443 4209 1554 4274 vel
1596 4205 1915 4295 impedire
1960 4231 2112 4275 eum
2156 4208 2266 4274 vel
2309 4213 2553 4273 terrere

447 4334 585 4377 non
644 4309 1037 4398 temptent.”
1147 4312 1258 4377 Ad
1317 4310 1614 4400 reginam
1673 4332 1832 4376 vero
1885 4309 2164 4399 pedibus
2211 4309 2346 4375 suis
2395 4309 2552 4375 assi·
2580 4317 2746 4378 Lives,
2781 4334 2885 4366 r·-

447 4415 712 4480 dentem
787 4414 910 4481 hoc
985 4414 1212 4480 ordine
1303 4421 1673 4481 extremum
1763 4416 2098 4502 peroravit
2173 4435 2552 4480 sermonem.
2580 4401 2626 4449 Ρ·
2648 4390 2757 4434 ⁴³³·

449 4525 485 4552 “
534 4517 799 4583 Gratias
853 4523 1009 4606 agat
1050 4517 1231 4582 Deus
1283 4517 1438 4583 huic
1498 4539 1751 4604 sponsae
1807 4541 1971 4583 meae
2018 4541 2101 4584 ex
2145 4515 2371 4582 sedula
2416 4515 2554 4582 offi-

445 4619 745 4686 ciositate
775 4621 1116 4686 servitutis
1145 4642 1298 4685 suae.
1388 4620 1729 4705 Obsequta
1776 4625 1878 4685 est
1915 4621 2088 4685 enim
2120 4619 2284 4685 mihi
2316 4621 2554 4685 devote

446 4729 518 4788 et
564 4723 758 4789 lateri
807 4745 953 4789 meo
1006 4745 1261 4811 semper
1312 4723 1582 4811 propius
1632 4722 1856 4789 astitit
1903 4723 1976 4787 in
2015 4723 2154 4789 loco
2211 4724 2557 4788 carissimae

450 4825 623 4894 ffliae.
734 4825 934 4892 Unde
986 4850 1029 4891 a
1101 4827 1386 4915 propitio
1448 4828 1592 4893 Deo
1668 4824 2187 4893 vicissitudinem
2262 4828 2560 4915 optineat

2163 4947 2205 4994 'r
2249 4934 2287 4994 2
