3567 5800
1029 863 1155 925 116
1545 876 1676 926 me.
1725 876 1820 925 m:
1865 877 2129 928 munuc,
2174 877 2350 929 svm.
2400 877 2577 926 msr.

1025 1054 1094 1114 et
1136 1050 1461 1136 virginum
1532 1051 1896 1117 adornabat
1963 1052 2323 1140 integritas,
2389 1073 2588 1137 quam
2657 1049 2918 1117 devotio
2977 1047 3116 1134 ple-

1025 1151 1228 1233 bium,
1304 1155 1664 1219 moderatio
1754 1155 2060 1234 militum‚
2154 1155 2444 1221 iudicum
2534 1155 2826 1242 aequitvs,
2915 1158 3113 1217 terrae

1027 1254 1386 1322 fecunditas
1430 1256 1853 1324 laetificabat!
1946 1257 2313 1323 Exultabat
2362 1280 2482 1323 rex
2524 1256 2936 1323 beatissimus
2981 1254 3115 1318 suis

1026 1359 1427 1446 temporibus
1495 1359 1790 1426 ordinem
1858 1382 2049 1426 suum
2124 1382 2344 1425 rerum
2418 1361 2714 1426 omnium
2786 1356 3113 1423 invenisse

1027 1466 1347 1541 naturam,
1397 1485 1545 1527 cum
1588 1462 1887 1528 homines
1916 1463 2078 1545 Dec,
2113 1469 2293 1529 terra
2335 1463 2605 1542 homini,
2636 1462 2873 1527 coelum
2902 1465 3114 1534 terrae,

1023 1558 1298 1646 iustitia,
1376 1564 1612 1646 fructu,
1686 1587 1911 1632 aerum
1989 1565 2323 1653 temperie,
2400 1565 2698 1631 debitum
2771 1567 3116 1650 praestaret

1029 1665 1328 1733 officium.

694 1891 836 1944 ΜΠ·
893 1959 928 1972 ..
1828 1896 2328 1963 commemo.

693 1960 867 2010 Malm.
892 1974 945 2010 n.
995 1959 1004 2026 ζ

697 2026 727 2093 ς
759 2032 867 2078 153.

1120 2083 1469 2163 QUANTAM
1536 2086 1956 2152 devotionem
2020 2091 2420 2152 memoratus
2463 2106 2582 2150 rex
2633 2084 2938 2171 pacificus
2984 2080 3115 2145 Ed-

1025 2206 1221 2271 garus
1284 2208 1438 2272 erga
1500 2188 1797 2253 ordinem
1859 2189 2308 2254 monachicum
2375 2187 2698 2264 habuerit,
2763 2189 2951 2272 patet
2994 2204 3110 2269 per

1025 2287 1353 2371 quandam
1418 2295 1665 2354 cartam
1728 2291 2009 2356 ecclesiae
2055 2290 2610 2357 Malmesberiensi
2657 2312 2699 2354 a
2743 2289 2918 2352 dicto
2963 2307 3114 2370 rege

1025 2409 1428 2467 concessam3
1477 2392 1662 2456 cuius
1709 2398 1900 2458 tenor
1941 2393 2098 2458 talis
2141 2400 2280 2459 est:

692 2518 905 2584 Edgar’s
1119 2499 1155 2526 “
1199 2491 1342 2578 Ego
1434 2493 1731 2581 Edgarus
1807 2496 2012 2562 totius
2087 2496 2390 2561 Albionis
2476 2495 2774 2570 basileus,
2861 2511 3112 2557 necnon

694 2586 893 2636 ehu-ter
1029 2593 1508 2660 maritimorum
1607 2619 1723 2663 seu
1821 2597 2268 2664 insulanorum
2369 2620 2598 2685 regum
2687 2593 3112 2663 circumhabi-

690 2653 982 2770 mm
1027 2696 1334 2773 tantium,
1404 2697 1567 2763 adeo
1634 2705 1713 2765 ut
1782 2700 2006 2766 nullus
2078 2722 2198 2765 rex
2270 2701 2760 2787 progenitorum
2822 2717 3113 2762 meorum

689 2788 833 2853 bury.
1030 2797 1432 2865 subiectione
1477 2801 1779 2888 largiflua
1826 2803 1954 2867 Dei
1996 2802 2215 2890 gratia
2258 2807 2644 2890 suppetente
2706 2800 3110 2873 sublimatus,

1029 2902 1190 2987 quid
1265 2903 1523 2990 imperii
1596 2906 1726 2970 mei
1801 2907 2210 2992 potissimum
2288 2906 2453 2992 Regi
2522 2927 2751 2992 regum
2827 2903 3113 2967 Domino

1028 3003 1267 3083 darem,
1346 3007 1522 3072 tanti
1597 3029 1845 3072 memor
1905 3009 2169 3075 honoris
2231 3007 2531 3074 solertius
2588 3029 2759 3094 saepe
2816 3005 3112 3071 tractavi.

1027 3104 1167 3173 Piae
1231 3107 1439 3195 igitur
1502 3108 1752 3175 fautrix
1798 3110 2169 3177 devotionis
2230 3110 2535 3197 pervigili
2601 3132 2765 3175 meae
2808 3106 3114 3173 studiosi-

1024 3212 1154 3274 tati
1229 3232 1509 3298 superna.
1596 3212 1819 3278 subito
1916 3212 2284 3279 insinuavit
2380 3213 2590 3299 pietas
2679 3232 2949 3298 quaeque
3039 3209 3115 3272 in

1025 3334 1230 3399 regno
1292 3335 1439 3381 meo
1502 3321 1728 3380 sancta
1795 3320 2158 3381 restaurare
2219 3315 2630 3381 monasteria.
2721 3313 2885 3393 Quae
2931 3311 3121 3377 velut

1026 3415 1377 3495 musculis,¹
1427 3417 1757 3497 scindulis,
1805 3418 2193 3510 cariosisque
2221 3418 2465 3484 tabulis
2495 3418 2682 3505 tigno
2725 3423 2919 3482 tenus
2960 3415 3122 3479 visi-

1026 3516 1250 3582 biliter
1292 3518 1529 3601 diruta,
1577 3520 1687 3601 sic,
1735 3522 1913 3607 quod
1957 3522 2168 3588 maius
2213 3528 2332 3602 est,
2379 3522 2562 3586 intus
2604 3543 2646 3586 a
2687 3519 2955 3584 servitio
2988 3517 3118 3581 Dei

1028 3616 1230 3684 ferme
1274 3642 1495 3699 vacua,
1565 3622 1830 3688 fuerant
1895 3624 2205 3710 neglecta.
2316 3623 2553 3690 Idiotis
2595 3644 2827 3710 nempe
2870 3620 3119 3686 clericis

692 3759 883 3811 Monks
1032 3721 1271 3800 eiectis,
1340 3724 1587 3789 nullius
1629 3726 1947 3812 regularis
2011 3726 2342 3813 religionis
2386 3726 2747 3813 disciplinae
2790 3724 3116 3799 subiectis,

693 3824 990 3945 ugbfltituffi
1029 3823 1329 3910 plurimis
1387 3825 1461 3889 in
1527 3827 1683 3893 locis
1755 3827 2097 3894 sanctioris
2159 3828 2361 3907 seriei,
2439 3829 2685 3894 scilicet
2757 3827 3119 3892 monachici

692 3909 909 4026 a&
1029 3926 1314 4005 habitus,
1384 3928 1643 4014 praefeci
1715 3936 2024 4018 pastores,
2111 3932 2197 3996 ad
2270 3932 2534 3996 ruinosa
2600 3952 2874 4016 quaeque
2949 3936 3122 3995 tem-

1029 4029 1286 4118 plorum
1330 4031 1849 4129 redintegranda,
1893 4034 2236 4121 opulentos
2280 4034 2373 4099 eis
2414 4034 2731 4098 fiscalium
2775 4054 3121 4099 munerum

1030 4133 1350 4198 exhibens
1416 4139 1732 4220 sumptus.
1845 4135 2140 4215 Quorum
2203 4159 2409 4203 unum
2454 4138 2714 4202 nomine
2762 4135 3121 4210 Elui-icum,

1031 4236 1251 4301 virum
1295 4237 1368 4301 in
1414 4237 1715 4304 omnibus
1760 4238 2209 4305 ecclesiasticis
2238 4239 2555 4305 doctrinis
2598 4238 3122 4321 famoffissimum,

1031 4340 1345 4405 constitui
1409 4341 1744 4406 custodem
1807 4342 2107 4422 coenobii‚
2171 4343 2349 4429 quod
2411 4342 2614 4429 Angli
2658 4341 2897 4408 bifario
2942 4343 3125 4407 voci-

1030 4448 1182 4507 tant
1224 4448 1527 4509 onomate
1574 4443 2140 4532 Maldelmesburg,
2185 4444 2344 4510 etc.''

1597 4766 1610 4794 ¹
1647 4765 1896 4834 masmae]
1934 4767 2188 4829 muscivis,
2213 4766 2353 4820 win.
2379 4768 2552 4820 imm.
