3567 5800
920 814 1014 862 me
1059 814 1291 862 ossus
1337 813 1581 862 nusum
1625 812 2013 863 Axon—w.
2063 803 2165 862 50.
2462 802 2589 865 325

495 1022 644 1066 cum
688 1001 1053 1088 gratiarum
1099 1003 1354 1068 actione
1406 1004 1582 1069 inter
1633 1003 1797 1070 illos
1891 1004 2139 1069 Tamen
2196 1004 2412 1069 adhuc
2457 1027 2591 1069 non

495 1104 588 1168 sic
634 1105 887 1191 quievit
936 1106 1289 1172 vehemens
1332 1105 1445 1171 ille
1505 1107 1775 1192 spiritus
1831 1106 2199 1173 devotionis
2244 1111 2315 1173 et
2357 1107 2593 1174 ardens

498 1206 897 1274 desiderium
964 1209 1352 1295 inspiciendi
1421 1209 1752 1274 tractandi
1817 1220 1884 1275 et
1952 1210 2230 1275 interius
2304 1233 2594 1298 perscru-

495 1310 684 1374 tandi
727 1310 1111 1377 thesaurum
1155 1310 1346 1376 illum
1390 1313 1768 1398 pretiosum,
1820 1334 2013 1399 quem
2058 1334 2127 1378 se
2173 1335 2415 1400 magna
2457 1313 2593 1379 iam

489 1435 579 1477 ex
639 1419 826 1500 parte
899 1414 1144 1480 vidisse
1218 1415 1739 1501 gratulabantur.
1864 1416 2292 1502 Apponentes
2367 1416 2592 1503 itaque

489 1537 726 1581 manus
802 1515 1025 1582 debita
1100 1539 1248 1582 cum
1324 1518 1669 1582 devotione
1759 1524 1829 1582 et
1904 1519 2294 1599 reverentia.
2373 1525 2590 1585 vestes

490 1620 726 1705 capitis
786 1621 1266 1707 operimentum
1335 1621 1626 1685 tunicam
1690 1626 1760 1684 et
1823 1620 2064 1707 caligas
2128 1621 2239 1707 pia
2303 1622 2588 1707 quadam

488 1721 917 1807 inquisitione
961 1723 1353 1799 tractabant,
1401 1727 1806 1811 temptantes
1868 1724 2120 1809 siquam
2183 1722 2355 1788 forte
2416 1725 2588 1791 sicut

484 1824 783 1890 dictabat
835 1826 1021 1903 rati0,
1093 1826 1448 1913 expetebat
1506 1830 1764 1904 natura,
1843 1825 2260 1891 admisissent
2325 1848 2586 1914 corrup-

487 1926 751 1992 tionem.
873 1927 964 1992 Et
1038 1950 1181 1993 ecce
1256 1928 1478 1993 omnia
1553 1950 1631 1992 ea
1715 1929 2055 2016 reperiunt
2130 1929 2585 2016 integritatem

485 2029 834 2117 pristinam
898 2031 1259 2108 retinuisse,
1327 2053 1410 2096 ex
1468 2034 1658 2118 parte
1719 2036 1946 2097 tamen
2009 2032 2423 2097 obfuscatum
2469 2034 2585 2098 ad-

484 2138 763 2198 vertunt
815 2133 1092 2200 colorem
1144 2138 1215 2199 et
1268 2135 1562 2198 decorem
1625 2155 1867 2212 eorum,
1924 2140 2071 2199 tum
2124 2156 2207 2199 ex
2267 2135 2585 2201 diuturna

485 2235 724 2322 lapidis
769 2236 1220 2322 contiguitate,
1255 2242 1402 2301 tum
1432 2258 1518 2301 ex
1546 2236 1817 2324 pulvere
1845 2242 1912 2302 et
1957 2241 2277 2302 caemento
2309 2236 2484 2322 quod
2514 2237 2585 2302 in

486 2338 868 2425 sarcophagi
929 2339 1266 2426 apertione
1310 2341 1667 2405 introrsum
1732 2340 2072 2417 ceciderat,
2131 2339 2309 2425 quod
2355 2344 2580 2404 tamen

480 2440 691 2506 linteo
735 2441 905 2506 sicut
949 2447 1257 2529 poterant
1309 2447 1711 2520 amoventeS‚
1759 2443 2112 2508 materiam
2158 2465 2322 2529 opus
2368 2447 2438 2507 et
2483 2465 2585 2508 co-

480 2543 684 2608 lorem
743 2543 932 2609 facile
983 2544 1465 2630 deprehendere
1524 2550 1898 2631 potuerunt.
2012 2545 2388 2632 Suppositis
2456 2544 2584 2609 ita-

484 2668 614 2732 que
656 2646 962 2711 manibus
1007 2669 1156 2712 cum
1201 2647 1573 2714 reverentia
1603 2653 1670 2713 et
1700 2648 1937 2713 timore
1982 2670 2216 2734 corpus
2245 2647 2415 2713 illud
2443 2648 2581 2734 glo-

487 2748 734 2814 riosum
764 2749 880 2813 alii
925 2750 1011 2814 ad
1055 2754 1269 2836 caput,
1314 2750 1429 2816 alii
1459 2751 1544 2814 ad
1573 2751 1786 2837 pedes,
1833 2750 2101 2837 quidam
2148 2750 2235 2814 ad
2280 2750 2583 2815 humeros

481 2855 554 2917 et
615 2873 730 2939 per
788 2852 1080 2918 medium
1138 2853 1448 2931 levanteS,
1497 2858 1567 2918 et
1625 2875 1823 2941 super
1878 2857 2223 2918 extensum
2283 2856 2581 2940 tapetum

481 2955 557 3019 in
602 2977 818 3041 panno
864 2956 1066 3021 serico
1111 2956 1395 3042 pretioso
1441 2956 1873 3036 involventes,
1905 2956 1977 3019 in
2022 2956 2189 3020 cista
2232 2954 2449 3041 lignea
2493 2955 2581 3020 ad

478 3058 605 3123 hoc
647 3066 1016 3145 praeparata
1060 3059 1485 3138 incluserunt,
1526 3060 1748 3122 omnia
1795 3079 1944 3144 quae
1987 3079 2135 3123 cum
2183 3079 2259 3121 eo
2304 3057 2581 3123 inventa

480 3161 747 3227 fuerant
788 3161 972 3227 intus
1030 3152 1490 3249 relinquentes
1538 3166 1813 3248 excepto
1877 3161 2078 3226 anulo
2143 3182 2338 3225 aureo
2385 3183 2579 3246 quem

481 3264 556 3327 in
620 3263 830 3350 digito
894 3264 1067 3350 regis
1140 3264 1492 3329 inventum
1560 3263 1763 3328 abbas
1824 3267 2094 3351 propter
2160 3263 2580 3329 devotionem

479 3367 760 3432 retinuit
805 3372 874 3431 et
917 3368 1004 3431 ad
1046 3367 1241 3432 huius
1283 3367 1382 3431 rei
1425 3366 1808 3431 memoriam
1852 3366 2012 3431 satis
2056 3365 2331 3454 provide
2376 3387 2579 3431 reser-

478 3492 640 3534 vare
683 3469 988 3535 decrevit.
1079 3468 1500 3535 Adveniente
1561 3469 1788 3555 itaque
1850 3467 1957 3533 die
2002 3462 2198 3555 quem
2256 3492 2371 3534 rex
2419 3468 2581 3534 cele-

477 3574 751 3640 brandae
825 3571 1241 3638 translationi
1330 3574 1727 3659 praefixerat‚
1807 3571 2239 3658 omnibusque
2327 3575 2577 3658 paratis

478 3698 630 3763 quae
688 3681 898 3742 tantae
961 3676 1058 3741 rei
1120 3676 1482 3740 necessaria
1537 3675 1955 3755 videbantur,
2002 3676 2274 3740 veniens
2324 3697 2444 3740 rex
2505 3676 2578 3739 in

476 3779 810 3845 ecclesiam
867 3800 1013 3843 cum
1062 3800 1302 3864 magno
1347 3800 1686 3864 procerum
1746 3783 1817 3842 et
1875 3777 2233 3843 illustrium
2285 3778 2576 3843 virorum

477 3880 814 3959 comitatu,
862 3881 1076 3967 primo
1122 3881 1352 3946 cistam
1405 3881 1478 3945 in
1529 3901 1662 3965 qua
1705 3879 2033 3965 pretiosus
2076 3880 2185 3944 ille
2230 3879 2576 3945 thesaurus

476 3983 944 4049 continebatur
1003 3983 1250 4048 recludi
1307 3982 1467 4048 fecit
1503 4007 1520 4062 ;
1606 3982 2192 4067 assistentibusque
2255 3982 2573 4067 archiepi-

475 4108 667 4174 scopo
723 4086 1182 4152 Cantuariensi
1226 4086 1479 4151 Thoma
1541 4090 1609 4149 et
1655 4085 1970 4171 episcopis
2016 4106 2211 4169 quam
2274 4084 2573 4170 plurimis

474 4190 826 4256 abbatibus
879 4211 1137 4276 quoque
1196 4195 1265 4253 et
1324 4189 1472 4253 aliis
1515 4186 2006 4253 venerabilibus
2050 4187 2359 4273 personiS,
2407 4210 2574 4274 prae-

474 4300 728 4358 sentem
785 4293 968 4358 illam
1037 4293 1233 4379 regiae
1296 4312 1590 4378 personae
1648 4291 2063 4355 maiestatem
2128 4289 2330 4354 oculis
2394 4290 2572 4356 vidit

478 4398 907 4482 manibusque
971 4400 1289 4481 quantum
1367 4393 1570 4458 timor
1637 4397 1706 4458 et
1776 4392 2149 4459 reverentia
2222 4393 2568 4478 permisere

480 4499 845 4576 tractavit3
915 4498 1262 4583 omniaque
1322 4497 1420 4560 ita
1479 4517 1547 4561 se
1609 4494 1849 4560 habere
1906 4494 2169 4582 gavisus
2229 4499 2343 4572 est,
2400 4496 2569 4560 sicut

471 4601 533 4666 ei
593 4600 677 4665 ab
739 4600 979 4665 abbate
1042 4600 1251 4686 primo
1301 4599 1520 4664 fuerat
1583 4598 1982 4664 intimatum.
2094 4596 2299 4663 Facta
2360 4598 2569 4685 igitur

473 4704 645 4769 sicut
685 4703 817 4768 diei
862 4702 1263 4768 sollemnitas
1308 4701 1661 4788 expetebat
1705 4701 2125 4787 processione,
2156 4702 2567 4788 pretiosoque

1638 4806 1804 4950 s
