3567 5800
438 886 485 933 ns
506 882 622 933 crsr1s
643 882 767 933 aucun
789 880 986 930 auen—111.
1011 866 1062 929 32.
1219 857 1282 928 173

242 1072 300 1136 bns
334 1070 458 1135 auditis
490 1090 550 1135 rex
576 1067 690 1137 cnuto
722 1068 947 1149 immoderate,
985 1088 1044 1131 nec
1077 1064 1206 1143 mirum,
1235 1064 1285 1127 in-

242 1174 389 1239 auditum
415 1172 543 1238 facinus
579 1171 717 1259 expavit
752 1172 857 1249 corde,
894 1176 928 1235 et
963 1168 1157 1235 obnubilata
1187 1166 1285 1231 facies

242 1278 359 1343 multos
390 1274 535 1341 vicissim
572 1276 719 1340 mutavit
756 1275 884 1341 colores
940 1273 1176 1337 Verumtamen
1211 1272 1285 1355 post

241 1380 339 1444 trium
365 1378 420 1443 rel
446 1379 586 1443 duarum
613 1379 767 1443 horarum
793 1376 893 1464 spatii
919 1376 1090 1441 verborum
1123 1377 1158 1438 et
1184 1370 1286 1436 animi

242 1482 351 1547 Edrici
380 1480 637 1560 meditationem,
671 1502 732 1545 rex
757 1478 868 1545 Gnuto
903 1478 1061 1544 asciscens
1096 1476 1285 1562 pincernam

242 1590 274 1649 et
298 1583 434 1649 tradens
459 1605 560 1650 cornu
584 1604 728 1660 aureum,
762 1582 860 1647 iussit
893 1581 925 1647 ei
962 1579 1093 1657 occulte,
1131 1578 1287 1665 quatinus
1345 1638 1347 1645 .

242 1687 330 1751 aliud
353 1685 472 1751 Edrico
507 1684 659 1772 impleret
682 1706 785 1750 comu
819 1706 887 1749 non
918 1704 1016 1761 mero,
1054 1680 1110 1747 sed
1146 1700 1285 1745 amurca.

243 1788 337 1869 Quod
367 1810 442 1853 cum
469 1788 644 1874 accepisset
671 1787 817 1864 Edricus,
842 1784 979 1871 expavit
1009 1806 1109 1849 cornu
1145 1780 1286 1869 quidem,

242 1892 297 1957 sed
342 1891 454 1979 potius
486 1890 616 1955 horruit
656 1889 776 1955 faecem.
844 1888 929 1954 Cum
964 1892 1076 1953 autem
1111 1886 1180 1972 ipse
1216 1884 1287 1950 dux

242 1993 378 2059 fflricus
401 1992 578 2077 quaesisset,
607 1990 732 2071 “Quid
754 1992 816 2056 hoc
839 1994 946 2057 essetl
981 1989 1034 2054 vel
1060 2010 1159 2075 quare
1181 1985 1288 2051 hocl'’

242 2097 314 2160 Rex
353 2094 464 2162 Onuto
494 2094 686 2181 respondit:
722 2099 739 2128 “
751 2093 840 2173 Quid
869 2100 927 2171 est,
959 2090 1116 2157 Edricel”
1154 2090 1288 2155 “Aliud

242 2192 349 2273 mihi‚'’
363 2193 475 2278 inquit
494 2192 636 2274 ildricus,
654 2200 784 2258 “cornu
806 2197 991 2278 porrectum
1015 2196 1065 2256 est
1087 2211 1160 2255 cum
1183 2191 1288 2257 faece.’'

242 2295 330 2361 Tunc
367 2316 426 2359 rex
464 2293 594 2360 Onuto:
641 2294 705 2360 “0
746 2294 871 2371 Eddce,
914 2316 974 2381 ego
1016 2292 1149 2379 quidem
1190 2314 1288 2357 aureo

242 2418 341 2461 cornu
377 2418 505 2462 merum
539 2396 619 2476 bibi,
654 2397 712 2463 sed
747 2398 849 2475 mihi3
890 2402 930 2461 tu
954 2402 1068 2463 autem
1097 2396 1161 2461 alio
1188 2419 1288 2462 cornu

242 2499 332 2564 bibes
354 2500 470 2564 mortis
500 2521 677 2580 amurcam,
704 2500 761 2565 sed
787 2502 854 2564 iam
885 2500 957 2566 tibi.
1025 2499 1151 2565 Dixisti
1174 2501 1285 2565 enim:

244 2602 342 2687 ‘Ego
369 2601 584 2667 Edmundum
609 2602 690 2668 iussi
712 2624 797 2668 unco
821 2601 942 2668 occidi'
1010 2602 1056 2668 Os
1087 2625 1161 2689 ergo
1193 2609 1288 2669 tuum

243 2704 397 2769 adversus
431 2704 575 2769 animam
609 2712 703 2769 tuam
735 2704 881 2771 locutum
920 2710 977 2770 est.
1044 2705 1288 2770 Amicissimum

243 2808 329 2871 enim
366 2828 475 2873 meum
510 2806 648 2871 fratrem
681 2807 879 2873 foederatum
918 2806 1132 2873 Edmundum
1170 2829 1288 2893 regem,

243 2910 330 2974 cuius
367 2911 476 2997 gratia
508 2914 542 2974 et
568 2909 769 2976 liberalitate
806 2933 906 2997 quam
932 2932 1101 2996 nunquam
1126 2917 1204 2976 ante
1234 2913 1290 2976 ha

243 3010 371 3076 buimus
396 3011 530 3098 Anglice
565 3017 695 3098 partem
726 3013 763 3076 in
796 3035 875 3099 pace
911 3013 1120 3099 possidemus,
1157 3018 1292 3102 propter

246 3135 304 3189 me,
341 3117 380 3176 ut
405 3111 496 3190 dicis,
535 3113 705 3179 dominum
731 3120 828 3180 tuum
854 3115 912 3201 qui
937 3115 1000 3180 tibi
1026 3116 1170 3180 animam
1197 3138 1290 3181 suam

243 3215 379 3283 credidit
405 3215 443 3279 in
472 3217 700 3282 secretioribus
736 3217 892 3294 occidisti,
936 3221 970 3283 et
1003 3219 1161 3304 populum
1197 3223 1291 3284 tuum

244 3316 424 3402 prodidisti
485 3317 574 3382 Reus
600 3340 635 3383 es
659 3341 736 3405 ergo
760 3320 897 3397 mortis;
933 3320 1068 3406 sanguis
1092 3325 1171 3384 tuus
1195 3341 1293 3408 super

244 3425 340 3505 mput
376 3423 483 3498 tuum,
528 3439 567 3484 eo
601 3420 689 3505 quod
729 3443 864 3485 manum
905 3421 1024 3486 misisti
1059 3422 1096 3485 iu
1133 3422 1291 3488 christum

245 3520 385 3585 Domini
443 3520 494 3585 Ut
516 3520 612 3586 video
639 3523 736 3601 enim,
765 3525 908 3589 offensus
934 3525 971 3588 in
995 3524 1151 3610 quolibet,
1174 3526 1229 3590 vel
1256 3527 1293 3590 in

245 3624 387 3699 minimo,
415 3625 555 3688 mutatis
581 3625 707 3705 animis,
742 3626 832 3712 quod
867 3649 986 3713 proper
1007 3651 1068 3708 me,
1104 3632 1145 3693 ut
1169 3629 1291 3706 asseris,

246 3727 376 3791 domino
412 3731 471 3790 tuo
507 3733 542 3793 ct
576 3729 688 3793 domui
724 3730 794 3794 eius
833 3730 946 3810 fecisti,
987 3735 1121 3818 propter
1153 3733 1292 3798 alterum

247 3829 327 3892 mihi
354 3833 389 3893 et
423 3828 535 3893 domui
561 3851 643 3895 meae
666 3831 813 3896 faceres.”
868 3832 932 3897 His
959 3833 1066 3914 dictis,
1096 3855 1156 3900 rex
1181 3832 1293 3901 Cnuto

245 3930 316 3996 ilico
347 3931 498 4008 surrexit,
533 3937 567 3996 et
594 3932 728 3996 domum
751 3933 919 4020 egrediens
949 3935 1047 4001 iussit
1073 3935 1236 4002 militibus
1260 3941 1293 4001 et

246 4033 463 4097 servientibus
500 4038 538 4098 ut
573 4035 717 4100 torribus
747 4039 781 4100 et
814 4037 912 4102 taedis
939 4036 1096 4103 Edricum
1130 4043 1200 4103 tam
1235 4039 1292 4104 diu

246 4134 432 4213 iacularent,
470 4133 574 4200 donec
607 4137 676 4224 ipse
709 4136 918 4224 putidissime
953 4139 1064 4204 anima
1102 4161 1162 4204 sua
1192 4140 1293 4205 infer-

245 4236 332 4300 nales
369 4237 492 4302 ditaret
526 4238 696 4325 principes
755 4240 881 4327 Corpus
917 4263 993 4306 vero
1030 4241 1117 4306 illius
1155 4243 1293 4328 pedibus

245 4338 321 4403 fune
352 4339 465 4426 ligatis
500 4360 558 4426 per
590 4341 735 4406 medium
768 4341 915 4408 civitatis
946 4343 1190 4408 Londoniarum
1225 4351 1292 4410 tra·

246 4437 359 4505 hentes
403 4462 506 4526 usque
547 4441 591 4506 ad
633 4443 753 4508 fossam
791 4466 866 4530 quae
901 4445 1040 4532 Anglice
1078 4447 1293 4515 Hundesdich
1304 4463 1420 4515 Hunces-

247 4543 436 4628 appellatur,
475 4543 512 4607 in
536 4565 575 4609 ea
598 4543 784 4626 honorifice,
820 4552 860 4612 ut
887 4551 1022 4613 tantum
1053 4548 1146 4615 decet
1183 4551 1292 4637 prodi·
1305 4531 1370 4582 Μ’·
1407 4607 1410 4614 .

246 4647 358 4726 torem,
379 4643 588 4711 fetidissimo
617 4668 707 4713 caeno
736 4670 811 4714 cum
841 4650 978 4715 canibus
1010 4651 1047 4715 in
1069 4653 1183 4718 eadem
1215 4660 1293 4720 ante

245 4744 395 4830 proiectis
428 4747 634 4834 sepelierunt
696 4749 746 4816 De
777 4751 927 4838 reliquiis
949 4776 1028 4819 vero
1063 4754 1133 4820 eius
1163 4755 1191 4820 si
1218 4756 1291 4843 quis

248 4853 419 4936 quaesierit,
451 4875 472 4918 a
508 4855 643 4922 canibus
674 4864 803 4944 quaerat
836 4882 911 4926 cum
945 4883 983 4926 co
1018 4864 1161 4950 sepultis.
1216 4867 1289 4933 Rex
