3567 5800
674 2341 856 2392 Vinion
879 2342 951 2405 of,

676 2410 749 2460 St.
776 2408 931 2460 Cuth-

679 4007 894 4057 Alfi-ed’s

679 4089 820 4138 camp
842 4082 894 4124 at

678 4140 986 4194 Ethendune.

1005 897 1088 958 18
1521 907 1650 960 mc.
1699 909 1793 959 DE
1837 907 2107 961 elme.
2157 907 2338 959 erne.
2387 907 2560 959 ms'r.

1005 1119 1276 1177 exerces,
1343 1098 1519 1164 unde
1592 1103 1751 1165 ante
1814 1098 2081 1166 Divinae
2155 1097 2523 1165 maiestatis
2587 1096 2910 1164 intuitum
2963 1081 3097 1163 tibi

1006 1202 1275 1268 humilis
1351 1223 1663 1289 apparere
1739 1202 2005 1269 deberes
2069 1206 2139 1267 et
2204 1223 2341 1268 non
2407 1201 2584 1280 facis,
2660 1224 2702 1265 a
2783 1200 3095 1289 gentibus

1009 1305 1350 1372 Christum
1423 1303 1883 1392 ignorantibus
1974 1303 2381 1372 infestaberis
2471 1309 2540 1371 et
2610 1305 2732 1369 vix
2804 1303 2890 1369 ab
2965 1304 3097 1369 iuis

1006 1409 1287 1475 evadens
1344 1409 1659 1497 profugus
1734 1408 2077 1475 latitabis:
2156 1408 2377 1494 sicque
2452 1428 2570 1495 per
2629 1408 2772 1473 dies
2842 1406 3098 1494 aliquot

1003 1513 1285 1600 peccatis
1363 1512 1783 1600 exigentibus
1857 1511 2286 1599 permanebis,
2420 1510 2554 1577 Sed
2627 1515 2852 1575 tamen
2922 1511 3099 1596 apud

1006 1616 1371 1681 Dominum
1424 1616 1702 1702 optinui,
1771 1617 1947 1702 quod
2006 1615 2065 1681 si
2110 1619 2180 1681 te
2233 1635 2275 1678 a
2321 1614 2457 1679 tuis
2508 1613 2701 1680 saevis
2744 1613 3101 1678 retraxeris

1006 1821 1268 1887 vultum
1295 1843 1488 1908 super
1530 1826 1599 1887 te
1644 1820 2027 1908 praetendet,
2072 1825 2455 1907 sceptroque
2485 1819 2764 1906 pristino
2807 1824 2878 1884 et
2921 1841 3101 1906 pros-

1007 1925 1276 2011 peritati
1336 1922 1698 1989 restituet.”
1820 1923 1966 1989 Rex
2036 1944 2312 2009 quoque,
2375 1944 2522 1987 cum
2582 1944 2622 1986 a
2666 1920 2912 1987 famulo
2972 1922 3103 1988 Dei

1006 2029 1145 2094 haec
1193 2028 1674 2093 exhortationis
1725 2027 1933 2093 verba
1992 2026 2330 2092 humiliter
2381 2025 2819 2092 intellexisset
2896 2031 3099 2113 atque

1006 2152 1264 2196 morum
1325 2131 1853 2196 emendationem
1912 2129 2105 2195 certis
2160 2129 2619 2217 sponsionibus
2671 2128 3098 2215 promisisset,

1006 2239 1269 2321 accepta
1340 2233 1468 2299 viri
1542 2232 1674 2298 Dei
1747 2232 2201 2298 benedictione
2283 2231 2369 2298 ad
2443 2231 2747 2311 insulam,
2809 2232 2888 2297 de
2972 2254 3104 2318 qua

1008 2357 1300 2423 egressus
1329 2335 1561 2415 fuerat,
1612 2339 1712 2400 est
1741 2355 2051 2400 reversus.
2098 2332 2313 2400 Nocte
2342 2335 2550 2422 igitur
2578 2335 3100 2421 superveniente,

1009 2461 1158 2506 cum
1203 2439 1521 2506 dormiret
1573 2438 1645 2502 in
1689 2442 1905 2503 stratu
1936 2459 2073 2518 suo,
2119 2437 2340 2504 astitit
2384 2437 2445 2502 ei
2488 2437 2561 2502 in
2590 2436 2845 2503 visione
2890 2438 3103 2503 noctis

1009 2545 1271 2608 sanctus
1335 2540 1739 2607 Cuthbertus
1799 2540 2092 2620 antistes,
2157 2539 2273 2627 qui
2320 2538 2448 2605 sibi
2507 2539 2611 2604 sui
2676 2540 2864 2627 regni
2912 2541 3105 2606 resti-

1008 2646 1335 2711 tutionem
1389 2648 1635 2709 certam
1687 2643 2072 2730 repromisit.
2188 2642 2342 2731 Ipse
2395 2665 2655 2730 quoque
2702 2666 2823 2709 rex
2873 2649 3103 2732 aperto

1007 2748 1135 2814 viri
1196 2745 1327 2813 Dei
1397 2744 1803 2812 confortatus
1874 2744 2148 2825 oracu10,
2219 2767 2368 2812 cum
2426 2768 2618 2812 mane
2694 2747 3101 2828 surrexisset,

1011 2850 1341 2940 pollicitus
1401 2855 1502 2916 est
1561 2846 1704 2916 Deo
1775 2870 1843 2915 se
1902 2849 1975 2915 in
2021 2848 2161 2916 loco
2220 2849 2361 2937 ipso
2425 2849 2897 2915 monasterium
2955 2871 3107 2916 con·

1007 2960 1425 3021 structurum.
1519 2952 1649 3033 Qui
1707 2975 1959 3041 semper
1999 2954 2301 3041 deinceps
2349 2953 2651 3019 hostibus
2698 2953 3107 3020 invincibilis

1007 3064 1075 3125 et
1121 3057 1437 3123 terribilis
1485 3056 1853 3143 apparebat.
1945 3056 2125 3121 Nam
2167 3057 2392 3122 eadem
2439 3057 2599 3123 hora
2652 3062 3106 3123 convenerunt

1005 3162 1093 3227 ad
1137 3181 1357 3247 regem
1418 3180 1642 3225 omnes
1687 3159 1935 3225 milites
1982 3160 2123 3224 eius
2168 3181 2317 3225 cum
2378 3158 2979 3226 Sumersetensibus
3031 3166 3108 3227 et

1005 3263 1550 3330 Wiltoniensibus
1646 3261 1823 3349 apud
1920 3262 2419 3349 Ethelyngeye;
2532 3283 2812 3347 quorum
2894 3263 3106 3330 fretus

1006 3367 1255 3433 auxilio
1303 3387 1594 3453 paganos
1640 3366 1839 3451 coepit
1894 3364 2400 3453 infatigabiliter
2460 3365 2800 3431 debellare.
2926 3366 3103 3433 Tan-

1007 3472 1155 3536 dem
1197 3491 1317 3535 rex
1379 3466 1687 3533 Alfredus
1734 3468 1874 3533 sive
1933 3468 2261 3534 Aluredus
2334 3468 2624 3534 instante
2684 3480 2913 3536 sancta
2976 3471 3107 3534 sol-

1006 3572 1348 3637 lemnitate
1408 3570 1823 3636 Pentecostes
1885 3571 1969 3636 ab
2014 3571 2230 3636 insula
2281 3592 2628 3658 erumpens
2693 3572 2781 3636 ad
2842 3577 3106 3660 petram

1006 3674 1299 3761 Egberti,
1347 3696 1492 3759 quae
1538 3678 1637 3738 est
1684 3673 1758 3737 in
1810 3673 2114 3739 orientali
2154 3678 2342 3762 parte
2386 3674 2570 3741 silvae
2618 3696 2769 3761 quae
2800 3674 3108 3742 Salwode

1007 3777 1267 3857 dicitur,
1344 3777 1685 3863 equitavit.
1821 3776 1930 3841 Ibi
1998 3799 2253 3863 quoque
2329 3778 2747 3844 confluebant
2804 3779 2891 3845 ad
2950 3801 3107 3845 eum

1009 3901 1232 3946 omnes
1265 3879 1378 3966 qui
1425 3880 1497 3943 in
1526 3878 1659 3943 illis
1703 3878 1953 3963 finibus
1996 3885 2469 3959 remanserant,
2516 3881 2814 3948 inmenso
2859 3884 3106 3970 gaudio

1008 3983 1244 4071 repleti
1318 3983 1494 4069 quod
1585 4005 1805 4070 regem
1884 3984 2270 4050 incolumem
2362 3984 2776 4072 accepissent.
2902 3986 3108 4051 Mane

1010 4092 1231 4153 autem
1277 4090 1489 4151 castra
1535 4091 1875 4152 moventes
1919 4085 2196 4153 duorum
2258 4109 2519 4153 emenso
2566 4087 2805 4154 itinere
2851 4088 3107 4155 dierum

1011 4191 1095 4257 ad
1137 4189 1350 4255 locum
1382 4190 1497 4277 qui
1528 4188 1923 4257 Ethendune
1970 4189 2210 4256 dicitur
2256 4196 2712 4279 pervenerunt.

677 4462 988 4527 RosWend·
1014 4466 1510 4534 CoNTINUATm.
1639 4468 1724 4536 Ut
1772 4468 1977 4554 Gytro
2029 4488 2145 4533 rex
2195 4487 2525 4553 paganus
2566 4466 2789 4555 fidem
2845 4466 3113 4536 Christi

680 4547 726 4595 p.
753 4534 881 4589 3323
914 4584 926 4595 ⁴

680 4597 824 4646 Matt.

679 4662 887 4711 Westm.

680 4745 725 4790 p.
752 4732 844 4775 331
868 4746 883 4785 3

682 4793 756 4843 cf.
785 4794 960 4852 Assel·⁹

682 4875 726 4923 p.
752 4864 847 4908 482
873 4861 918 4907 b.

1869 4570 2248 4657 susceperit.

1015 4708 1470 4776 INVENERUNT
1542 4716 1762 4777 autem
1821 4711 1917 4776 ibi
1977 4710 2241 4777 Gitrum
2284 4733 2691 4799 paganorum
2751 4734 2971 4800 regem
3036 4721 3115 4782 et

1014 4815 1370 4879 exercitum
1441 4816 1579 4880 eius
1660 4817 2084 4896 universum3
2168 4821 2396 4881 contra
2457 4838 2649 4903 quem
2733 4818 2975 4882 acriter
3034 4826 3117 4886 et
