3567 5800
413 890 461 937 nn
483 888 601 939 ersus
623 888 747 939 ansuis
768 886 965 940 suen-rr.
989 873 1040 951 44,
1065 876 1117 939 st.
1218 872 1284 945 307

233 1074 263 1138 si
284 1074 367 1139 mihi
396 1076 490 1162 eopia
523 1081 744 1163 praestaretur,
778 1076 885 1143 Croesi
917 1077 1033 1163 opibus
1059 1074 1284 1163 praetulissem.

233 1177 299 1242 Sed
321 1178 400 1265 quia
421 1180 531 1265 regius
553 1180 683 1245 animus
707 1181 777 1245 eius
796 1180 922 1266 aliquid
940 1179 1004 1245 sibi
1022 1178 1151 1245 detrahi
1173 1176 1285 1265 dedig-

232 1285 342 1358 natur,
365 1280 488 1347 habeat
516 1283 581 1348 sihi
610 1282 723 1348 omnia
751 1304 812 1348 sua
842 1289 877 1348 et
906 1304 981 1348 cum
1010 1281 1203 1369 integritate
1226 1302 1286 1345 sua

233 1382 322 1447 diem
352 1384 461 1451 beatae
495 1386 740 1451 resurrectionis
774 1385 953 1472 expectet.’'
1002 1385 1122 1471 Itaque
1155 1386 1284 1449 retento

233 1486 334 1572 pallio
357 1509 422 1575 quo
448 1489 654 1555 sanctissima
677 1490 748 1554 eius
777 1487 926 1554 membra
955 1488 1087 1553 strarant
1117 1486 1282 1567 obvolute,

232 1588 325 1653 aliud
347 1612 439 1677 aeque
469 1593 647 1678 pretiosum
670 1596 849 1678 apponunt,
873 1591 1114 1677 diligenterque
1136 1596 1283 1655 auratam

231 1692 362 1779 glebam
383 1693 476 1759 illam
499 1694 720 1761 dulcissimam
750 1716 810 1761 suo
839 1694 1023 1760 recondunt
1053 1694 1091 1758 in
1113 1692 1283 1773 thalamo;

232 1795 290 1860 uhi
312 1818 371 1883 per
393 1798 463 1862 eius
485 1799 603 1864 merita
633 1798 777 1885 plurima
799 1797 941 1863 infirmis
963 1800 1164 1883 preestantur
1185 1797 1283 1861 bene-

231 1900 315 1980 ficia,
339 1900 522 1987 exquibus
545 1902 588 1966 ad
612 1901 742 1967 laudem
767 1899 903 1966 Domini
924 1901 1030 1966 nostri
1051 1900 1133 1967 Jesu
1157 1898 1284 1967 Christi

231 2024 335 2087 pauca
357 2003 398 2069 de
419 2004 570 2091 pluribus
592 2003 754 2071 eredimus
776 2004 1004 2071 subnectenda

655 2405 737 2473 Off.
761 2405 862 2474 XLV.

1292 2591 1391 2651 Ailred

1292 2658 1338 2709 col.
1352 2664 1407 2708 409.

352 2604 403 2671 De
420 2604 617 2713 paralytisa
638 2606 687 2674 ad
709 2608 906 2695 sepulerum
927 2607 1003 2679 aare
1024 2614 1156 2677 smum.

278 2806 528 2873 Ssncrlssnms
553 2807 718 2875 Helisaeus
740 2811 902 2897 propheta
923 2834 944 2875 a
966 2811 1074 2897 pueris
1106 2810 1180 2896 plus
1203 2831 1281 2895 quae

232 2909 388 2995 draginta
424 2911 551 2977 derisus
588 2934 682 2978 suam
714 2914 943 2980 maledictione
980 2914 1085 2980 ultus¹
1125 2913 1282 2978 iniuriam

231 3014 403 3079 universos
425 3014 539 3080 bestiis
561 3015 703 3080 tradidit
724 3017 915 3103 puniendae.
973 3018 1108 3103 Magum
1130 3017 1282 3102 impiissi-

234 3138 324 3182 mum
356 3114 536 3202 Helymum
564 3118 729 3204 apostolos
761 3118 1042 3206 blasphemantem
1074 3119 1282 3184 beatissimus

232 3218 355 3284 Paulus
392 3219 505 3284 subita
542 3221 689 3286 oaeeitate
727 3221 931 3307 dampnavit.
993 3221 1156 3286 Iniuriam
1178 3221 1283 3306 igitur

230 3323 299 3387 suis
336 3323 458 3388 sanetis
495 3322 625 3389 illatam
663 3324 699 3388 in
736 3346 771 3388 se
808 3323 991 3388 redundare
1029 3323 1181 3390 Christus
1214 3323 1283 3408 ipse

231 3425 430 3505 declarabat,
466 3426 561 3506 “Qui
592 3426 681 3504 vos‚''
712 3426 879 3512 inquiens,
916 3435 933 3461 ¹‘
945 3426 1049 3508 audit,
1080 3427 1135 3492 Me
1167 3425 1284 3506 audit;

231 3533 267 3592 et
290 3528 347 3613 qui
368 3550 429 3594 vos
460 3529 595 3614 spernit,
620 3529 676 3594 Me
698 3529 852 3614 spernit.”
922 3529 995 3594 Hoc
1021 3529 1058 3593 in
1080 3550 1139 3594 suo
1165 3527 1280 3594 Domi-

231 3651 295 3694 nus
321 3630 419 3696 Jesus
446 3631 592 3698 ostendit
618 3632 796 3711 Edwards,
819 3632 890 3698 eius
921 3633 1130 3698 detrahentes
1161 3632 1282 3698 saneti-

228 3733 295 3798 tati
325 3755 400 3798 oum
438 3756 558 3820 magna
596 3735 772 3801 severitate
812 3736 961 3823 puniens,
1001 3737 1217 3822 obsequentes
1252 3734 1283 3800 ei

230 3836 463 3902 beneficiorum
495 3837 670 3903 collatione
696 3861 915 3904 remunerans.
979 3838 1061 3905 Erat
1087 3838 1281 3904 incivitate
1296 3843 1445 3904 Manlum

229 3945 382 4006 matrona
417 3940 538 4006 nobilis
582 3940 732 4007 Matildis
776 3943 918 4024 nomine,
958 3943 1039 4008 artis
1076 3941 1281 4029 purpurariae
1294 3912 1442 4029 ffilffdff

224 4043 435 4130 peritissima,
455 4065 529 4129 quse
550 4063 665 4131 regum
684 4045 895 4132 divitumque
917 4051 1027 4111 vestes
1051 4067 1166 4111 ornare
1189 4065 1279 4124 aura,
1294 4043 1428 4094 emineres.

225 4146 391 4212 illustrare
424 4147 569 4233 gemmis,
598 4148 738 4233 picturis
761 4154 796 4213 et
818 4148 957 4214 floribus
989 4170 1085 4236 opere
1118 4146 1281 4234 polymito

224 4249 355 4316 variare
377 4254 560 4315 consuerat.
616 4250 835 4317 commiserat
858 4251 889 4317 ei
912 4272 995 4337 opus
1018 4273 1086 4316 non
1108 4249 1282 4316 mediocris

225 4353 326 4439 pretii
357 4352 562 4419 nobilissima
595 4355 748 4440 quaedam
779 4377 818 4420 aa
850 4355 1015 4422 ditissima
1045 4354 1175 4434 femina
1208 4375 1282 4441 quae

225 4456 342 4523 comiti
371 4456 560 4524 Gloverniae
594 4464 738 4546 nuptum
769 4456 896 4526 tradita
928 4458 1028 4546 paulo
1062 4458 1171 4524 minor
1193 4480 1214 4524 a
1235 4479 1285 4524 re·

685 4657 694 4662 .-
709 4655 920 4663 ..-—--—.-

609 4793 714 4864 ΗΜ]
730 4793 824 4862 vultui,
836 4794 896 4853 ΜΒ.
1133 4881 1155 4944 2

1085 4895 1111 4948 U
