3567 5800
414 846 461 896 ns
482 847 598 898 ersus
619 849 741 899 crocu
761 849 956 900 sunu-ru
980 840 1030 902 18.
1192 843 1257 906 245

209 1037 423 1102 Absolvimus
458 1037 558 1102 etiam
589 1058 663 1102 eum
701 1037 806 1102 locum
845 1039 887 1104 ab
925 1040 1015 1105 omni
1050 1042 1186 1108 servitio
1221 1049 1257 1108 et

209 1140 455 1206 examinatione
494 1140 678 1227 episcopali,
718 1149 758 1205 ut
807 1141 919 1206 nullus
974 1143 1142 1232 episeopus
1178 1146 1257 1212 illuc

208 1244 353 1309 introeat
383 1242 592 1308 ordinaturus
621 1248 681 1309 aut
711 1249 932 1330 praecepturus
955 1245 1089 1332 aliquid,
1119 1249 1183 1314 nisi
1214 1271 1256 1314 ex

206 1345 369 1432 petitione
408 1351 443 1411 et
481 1366 641 1410 consensu
674 1345 805 1412 abbatis
840 1351 875 1412 et
913 1347 1154 1416 monachorum.
1209 1351 1256 1417 Et

207 1450 331 1516 habeat
361 1451 447 1516 idem
478 1449 566 1516 locus
595 1450 735 1515 liberum
756 1450 971 1536 procinctum,
1002 1452 1037 1517 id
1066 1458 1128 1532 est,
1149 1453 1256 1520 ambi·

206 1559 281 1618 tum
312 1559 346 1620 et
376 1553 599 1620 ooemeterium
629 1557 834 1619 mortuorum
850 1553 936 1618 circa
964 1575 999 1620 se
1025 1555 1148 1642 absque
1171 1558 1254 1643 epis·

206 1657 312 1742 copali
348 1657 402 1722 vel
439 1655 660 1742 cuiuscunque
698 1661 847 1742 respectu
883 1656 939 1721 vel
976 1658 1153 1724 exactione.
1208 1659 1254 1726 Et

206 1760 319 1824 omnia
347 1781 421 1846 quse
452 1759 495 1823 ad
517 1759 705 1824 libertatem
731 1759 785 1824 vel
806 1759 1044 1826 exaltationem
1073 1759 1162 1826 illius
1191 1762 1254 1828 loci

205 1863 250 1926 ad
275 1861 430 1926 honorem
453 1861 517 1926 Dei
540 1861 740 1948 pertinentia
762 1883 820 1947 per
842 1866 989 1927 nostram
1019 1863 1253 1930 auctoritatem

206 1965 357 2031 accedere
396 1968 542 2050 possunt,
580 1964 677 2029 hilari
720 1968 755 2029 et
793 1965 1038 2050 promptissima
1078 1965 1254 2032 voluntate

204 2068 418 2133 concedimus
466 2067 686 2132 Possessiones
721 2071 833 2132 autem
875 2088 957 2154 quas
995 2068 1125 2155 antiqui
1161 2090 1254 2156 reges

204 2192 263 2234 seu
302 2170 487 2256 quicunque
527 2169 585 2234 alii
623 2169 781 2250 homines,
811 2191 871 2235 vos
910 2193 1040 2258 quoque
1075 2194 1113 2238 ac
1149 2175 1253 2239 vestri

203 2273 343 2338 barones
372 2271 416 2338 ad
447 2274 584 2338 eundem
615 2273 722 2338 locum
753 2273 947 2352 contulistis,
978 2279 1013 2340 et
1043 2280 1151 2340 cartas
1180 2299 1252 2362 qua

203 2397 248 2439 ex
278 2374 324 2440 eis
347 2375 442 2440 factae
464 2380 552 2452 sunt,
580 2373 706 2440 Divina
729 2381 762 2441 et
784 2380 899 2440 nostra
927 2377 1127 2444 auctoritate
1157 2380 1253 2444 robo-

200 2499 313 2542 ramus
343 2483 377 2543 et
406 2483 496 2543 ratae
522 2500 560 2544 ac
579 2477 715 2544 stabiles
737 2499 807 2544 esse
833 2478 1044 2557 decernimus,
1075 2486 1111 2546 ct
1133 2481 1251 2549 infrac-

203 2585 291 2644 tores
322 2601 434 2645 earum
469 2581 524 2644 vel
556 2581 724 2646 invasores
755 2585 815 2646 aut
842 2581 1060 2648 diminutores
1097 2590 1156 2649 aut
1186 2584 1251 2650 dis-

202 2683 356 2769 persores,
391 2683 580 2749 venditores
617 2684 726 2760 etiam,
765 2688 890 2750 aeterna
920 2685 1150 2752 maledictione
1175 2709 1250 2753 cum

202 2785 295 2851 Juda
333 2785 498 2872 proditore
537 2786 738 2865 damnamus,
774 2792 814 2853 ut
844 2808 912 2853 non
948 2787 1093 2854 habeant
1122 2795 1251 2876 partem

201 2889 238 2954 in
258 2889 357 2955 beata
380 2889 622 2968 resurrectione,
645 2889 703 2955 sed
717 2913 738 2955 a
758 2889 856 2956 mato
879 2887 981 2955 Petro
1003 2913 1039 2956 se
1059 2891 1252 2959 iudicandos

60 3072 66 3083 .
202 2992 318 3069 sciant,
352 2994 483 3079 quando
515 2992 642 3059 sedebit
672 3014 747 3057 cum
778 2993 845 3059 suis
878 2994 1072 3081 coapostolis
1103 2995 1252 3062 indicam

201 3095 374 3160 duodecim
403 3096 509 3161 tribus
532 3094 643 3161 Israel.
688 3094 791 3161 Vobis
820 3116 898 3161 vero
921 3101 954 3162 et
975 3096 1113 3183 posteris
1133 3100 1251 3163 vestris

62 3199 64 3201 ’
199 3199 333 3285 regibus
354 3198 589 3269 committimns
615 3198 864 3263 advocationem
895 3201 929 3263 et
958 3199 1135 3264 tuitionem
1166 3201 1251 3265 eius-

67 3296 73 3391 J
201 3302 277 3367 dem
307 3302 370 3367 loci
408 3306 442 3367 et
477 3302 623 3368 omnium
661 3300 763 3367 totius
792 3300 924 3388 Angliae
949 3300 1155 3367 eeclesiarum
1167 3327 1175 3383 ;
1209 3310 1249 3369 ut

61 3388 65 3397 ,
199 3405 272 3469 vice
309 3409 421 3470 nostra
462 3426 536 3470 cum
570 3403 704 3469 consilio
750 3403 973 3491 episcoporum
1011 3408 1047 3469 et
1089 3402 1248 3471 abbatum

199 3508 408 3573 constituatis
438 3507 561 3594 ubique
591 3528 664 3593 quse
695 3506 784 3571 iusta
806 3510 895 3588 sunt,
925 3506 1064 3573 scientes
1092 3529 1153 3595 pro
1187 3509 1248 3575 hoc

56 3606 75 3621 ”
118 3628 125 3637 ·
198 3632 260 3674 vos
282 3614 467 3696 recepturos
496 3609 629 3696 dignam
660 3609 840 3675 mercedem
863 3609 906 3674 ab
936 3631 974 3675 eo
997 3610 1089 3675 cuius
1110 3632 1248 3698 regnum

199 3718 234 3778 et
267 3713 441 3799 imperium
476 3733 535 3779 nee
573 3711 701 3777 desinet
730 3733 789 3779 nec
818 3712 989 3778 minuetur
1017 3713 1054 3778 in
1083 3716 1246 3784 saeculum

199 3814 339 3881 Valete.'

244 3924 262 3955 ‘³
278 3917 374 3983 Hanc
403 3918 506 4005 igitur
529 3917 701 4005 epistolam
727 3918 898 4007 apostolici
926 3920 1093 4008 privilegii
1122 3923 1246 4009 placuit

71 4006 74 4011 ¹
196 4024 338 4088 inserere
367 4022 444 4088 huie
466 4026 586 4089 nostrae
616 4022 863 4101 confirmationi,
887 4026 928 4085 ut
956 4023 1134 4089 secundum
1157 4028 1246 4111 quod

197 4130 311 4191 sancto
334 4125 436 4191 Leoni
459 4126 549 4211 prius
571 4125 739 4212 placuerat
770 4124 917 4210 mihique
939 4130 1144 4213 praeceperat,
1168 4148 1243 4194 oon·

70 4230 73 4237 ’
196 4228 352 4295 cordante
375 4228 498 4294 adhoc
519 4249 700 4294 successore
723 4228 792 4292 eius
807 4224 967 4292 Nicholao
990 4231 1025 4292 et
1047 4228 1161 4293 eadem
1183 4236 1243 4297 aut

196 4330 323 4397 maiora
343 4330 426 4396 mihi
447 4332 665 4419 praecipiente,
698 4328 811 4395 Sciant
833 4350 945 4394 omnes
966 4329 1087 4397 futures
1107 4353 1242 4417 genera·

68 4443 79 4495 3
197 4434 306 4500 tiones
328 4455 380 4499 me
406 4454 465 4521 pro
479 4434 552 4499 voti
573 4433 723 4521 praedicti
746 4431 950 4499 absolutione
972 4438 1241 4522 peccatorumque

196 4558 344 4603 meorum
367 4536 512 4601 omnium
534 4537 720 4602 remissione
742 4541 776 4600 et
798 4540 932 4601 aeternae
953 4535 1035 4602 vitae
1055 4558 1240 4604 remunera-

195 4641 296 4718 tione,
327 4660 385 4725 pro
423 4638 595 4704 animabus
632 4660 747 4727 regum
776 4643 847 4704 tam
885 4660 1103 4707 successorum
1140 4664 1239 4727 quam

194 4742 467 4831 praedecessorum
492 4766 638 4810 meorum
663 4748 698 4809 et
719 4744 867 4809 omnium
889 4746 1064 4830 parentum
1086 4765 1239 4825 meorum,
