3567 5800
342 1289 372 1338 of
379 1289 422 1339 the

512 818 576 880 108
771 832 838 882 ruc
863 834 911 882 nu
933 831 1068 883 crunno.
1092 833 1182 884 seno.
1205 833 1293 883 nrsr,

554 1019 601 1084 Et
623 1017 776 1086 infiu¹-
788 1019 827 1096 -Ι-
840 1028 862 1057 “
879 1020 922 1084 In
938 1019 1064 1086 Christi
1080 1019 1230 1097 Nomine,
1252 1017 1314 1086 sub
1329 1018 1448 1084 borum
1472 1022 1560 1084 testi-

509 1122 621 1187 monio
647 1144 788 1208 quorum
819 1123 955 1188 nomina
991 1123 1174 1188 flavescunt
1208 1122 1301 1188 infru
1359 1121 1432 1208 Ego
1468 1119 1559 1187 Dun-

342 1220 462 1273 ΜΘΗ
509 1229 632 1301 stcnus,
659 1247 698 1290 oo
721 1225 750 1290 si
775 1231 933 1312 peooctor,
957 1227 1090 1291 nomine
1120 1229 1253 1291 tentum
1275 1224 1455 1311 episcopus,
1479 1224 1558 1290 hanc

341 1355 451 1419 him
508 1326 672 1393 libertatis
694 1328 904 1394 sohedulom⁹
930 1329 1141 1415 impressione
1164 1327 1265 1414 sigilli
1287 1327 1392 1393 nostri
1416 1333 1451 1392 et
1472 1327 1558 1392 anuli

508 1429 642 1517 insuper
662 1437 696 1497 et
715 1431 878 1517 agalmate
899 1435 1019 1497 senctae
1042 1432 1145 1497 crucis
1168 1430 1343 1517 diligenter
1363 1429 1556 1516 consignavi,

508 1555 547 1598 sc
577 1533 695 1598 deinde
717 1533 871 1599 menibus
902 1534 953 1599 ed·
979 1534 1099 1599 coelum
1122 1533 1268 1598 extensis
1290 1531 1384 1599 dixi:
1427 1531 1482 1597 ‘Si
1505 1531 1557 1618 qui

508 1635 592 1701 hanc
635 1637 869 1703 munificentiae
922 1636 1119 1716 libertatem,
1165 1641 1314 1710 sanctum
1368 1635 1557 1722 praedictum

508 1738 615 1804 locum
653 1762 782 1826 quoque
819 1739 854 1803 in
892 1739 997 1816 terris,
1023 1739 1165 1817 decimis,
1197 1739 1253 1804 vel
1285 1737 1360 1803 aliis
1391 1737 1556 1814 reditibus,

508 1864 565 1906 seu
603 1842 639 1906 in
672 1842 792 1927 aliquo,
825 1841 947 1907 nostris
992 1846 1027 1907 et
1060 1841 1181 1908 futuris
1214 1840 1418 1928 temporibus
1449 1841 1558 1906 melio·

507 1944 653 2010 reverint
683 1944 738 2008 vel
768 1943 986 2023 adauxeriut;
1023 1948 1144 2031 augeat
1175 1943 1241 2008 illis
1275 1944 1366 2008 Deus
1399 1944 1559 2029 perpetui-

507 2047 588 2110 tatis
633 2047 883 2125 beatitudinem,
920 2051 1019 2132 etque
1058 2047 1093 2110 in
1127 2047 1248 2112 nostris
1286 2046 1492 2112 orationibus
1528 2051 1558 2110 et

506 2147 734 2214 benedictione
756 2150 799 2214 eb
822 2148 975 2216 omnibus
1001 2149 1142 2236 peccetis
1168 2148 1236 2214 suis
1258 2147 1402 2214 absoluti
1424 2147 1558 2214 feliciter

506 2255 730 2337 penncneont
789 2251 855 2331 Qui
877 2272 956 2316 vero
979 2250 1064 2316 beno
1085 2256 1232 2316 nostrum
1255 2251 1486 2317 auctoritatem
1510 2251 1556 2314 vel

506 2352 752 2420 immunitatem
789 2353 968 2440 infringere
1006 2353 1182 2434 voluerint,
1222 2353 1275 2420 vel
1305 2353 1387 2418 ulios
1423 2353 1467 2418 ed
1503 2353 1558 2418 hoc

507 2456 734 2538 conduxerint,
774 2462 808 2521 et
844 2462 915 2521 tem
948 2479 986 2521 eo
1023 2477 1097 2542 quae
1134 2455 1312 2542 praeteritis
1348 2455 1403 2521 vel
1441 2455 1558 2520 nostris

507 2560 710 2646 temporibus
747 2564 826 2624 sunt
870 2561 958 2638 dcta,
998 2581 1098 2645 quem
1136 2581 1176 2624 cs
1211 2581 1285 2645 quae
1323 2557 1358 2623 in
1396 2559 1508 2624 futuro
1539 2581 1558 2622 e

507 2661 659 2728 fidelibus
681 2662 792 2728 dende
814 2666 901 2738 suut,
925 2662 1044 2727 stolido
1078 2662 1247 2726 conamine
1278 2661 1450 2726 absumere
1476 2659 1560 2746 cogi·

507 2765 664 2844 teverint,
702 2764 756 2830 vel
794 2764 930 2849 aliquod
974 2763 1220 2844 adminiculum,
1259 2785 1304 2828 cn
1340 2763 1476 2853 calices·
1501 2767 1558 2828 eut

507 2887 618 2934 cruces
639 2890 697 2933 seu
720 2868 916 2934 indumento
938 2866 1052 2933 altaris
1074 2867 1128 2933 vel
1151 2888 1258 2934 sacros
1278 2866 1412 2947 codices,
1435 2888 1557 2943 cuum,

507 2977 690 3059 argentum,
714 2971 767 3036 rel
792 2971 1052 3057 qualemcunque
1083 2972 1223 3057 speciem
1252 2970 1374 3036 ibidem
1398 2970 1557 3043 collstem,

508 3075 632 3161 eripere
654 3075 902 3161 temptaverint,
924 3074 979 3139 vel
1001 3072 1083 3139 elios
1106 3074 1146 3139 de
1168 3072 1267 3139 rebus
1300 3073 1390 3139 illius
1421 3074 1559 3139 eoeleiae

507 3177 775 3258 herediteverint,
820 3176 977 3242 fratribus
1022 3177 1167 3243 eiusdem
1211 3175 1273 3243 loci
1318 3177 1388 3241 vim
1440 3176 1558 3242 inlerrc

507 3281 785 3368 prsesmnpserint,
809 3280 863 3345 vel
897 3300 951 3345 eos
984 3279 1109 3345 iniuste
1131 3279 1411 3359 contristaverint,
1436 3301 1559 3346 necnon

508 3389 543 3449 et
573 3384 660 3450 hunc
693 3381 903 3449 ecbedrdnm²
940 3383 1146 3469 certulssque
1177 3404 1292 3470 regum
1329 3382 1384 3448 vel
1421 3383 1557 3448 eliorum

507 3486 657 3552 fidelium
679 3486 721 3551 ed
744 3485 963 3551 defensionem
987 3490 1021 3551 et
1044 3485 1221 3552 tuitionem
1243 3485 1307 3551 loci
1329 3485 1454 3551 ibidem
1484 3486 1560 3551 dete

508 3589 636 3654 auferre
658 3610 715 3654 seu
738 3594 884 3655 evertere
907 3588 1118 3666 studuerint;
1140 3588 1274 3675 ignibus
1293 3588 1438 3669 aeternis,
1460 3588 1560 3654 cruci-

508 3690 618 3756 atibus
648 3691 815 3778 perpetuis
848 3689 923 3756 illos
957 3691 1080 3769 demus,
1115 3690 1338 3757 maledicimus
1371 3698 1473 3777 utque
1507 3712 1561 3757 cx·

508 3794 793 3875 communicamus,
815 3798 929 3880 portas
950 3794 1025 3858 ooeli
1047 3794 1094 3859 eis
1116 3792 1307 3872 claudimus,
1332 3798 1367 3859 et
1389 3794 1561 3861 deleantur

509 3898 644 3965 nominc
666 3918 778 3963 eorum
800 3898 842 3962 de
863 3896 951 3961 libro
973 3895 1077 3977 vitre3
1100 3898 1229 3981 eritque
1250 3918 1327 3983 pers
1349 3919 1464 3963 eorum
1487 3918 1559 3963 oum

508 4002 599 4069 dudo
621 4001 758 4067 Domini
780 4001 947 4078 traditore,
971 3999 1036 4064 nisi
1058 3999 1250 4085 resipiscunt
1273 4005 1307 4064 et
1330 4000 1440 4065 tribue
1465 3999 1560 4065 annis

508 4131 529 4172 e
554 4104 780 4172 communione
810 4102 951 4169 frutrum
974 4103 1169 4188 sequestrati
1191 4102 1420 4189 poenitentiam
1443 4102 1562 4191 egsnt'

573 4341 582 4345 -
598 4340 723 4347 .——...--.
731 4338 932 4346 mm..
948 4338 996 4343 ...-

542 4490 548 4519 ¹
570 4490 647 4539 “llic
675 4489 766 4541 omissa
794 4496 853 4540 cunt
886 4488 1009 4554 quaedsm,
1059 4502 1120 4554 pag.
1141 4486 1197 4541 xi.”
1229 4486 1296 4539 Note
1312 4486 1339 4538 in
1359 4486 1430 4539 bend
1448 4489 1480 4539 os
1502 4486 1561 4539 rou

509 4587 565 4635 qum
592 4570 716 4621 habentur
749 4569 777 4619 in
810 4570 899 4619 chorte
932 4570 1010 4635 ipsius
1060 4576 1128 4621 cent.

509 4650 644 4711 Dnnsteni,
666 4657 695 4699 ut
718 4650 746 4699 in
770 4649 836 4700 libro
865 4650 1009 4701 chartarum
1092 4644 1267 4714 ’scledulch
1286 4648 1408 4710 cedulam,
1422 4648 1481 4701 MS.

511 4731 624 4781 ciusdem
640 4729 748 4782 cenobii
771 4730 946 4795 reperiendum
964 4738 1009 4790 eet,
