3567 5800
729 929 889 982 euersos.
1286 906 1336 975 liii

276 1100 344 1156 slim
374 1100 543 1155 Brittouum
573 1096 673 1169 sylves,
701 1096 784 1152 Osie-
833 1101 938 1170 (colled
962 1100 1001 1173 by
1026 1100 1157 1157 Osmden
1181 1100 1333 1167 Goritoni),
1347 1126 1466 1191 mm

278 1184 367 1239 donis
387 1184 443 1237 luit
466 1181 620 1254 appellato.
659 1180 704 1237 De
728 1180 784 1235 hoc
833 1183 903 1239 ibid.
940 1184 988 1238 xiv
1011 1184 1040 1239 b.
1096 1183 1141 1239 On
1177 1182 1336 1239 Caledonio
1347 1192 1427 1243 ofilio

279 1273 378 1321 eutem
417 1266 477 1321 III.
504 1264 683 1321 mentionem
713 1263 785 1319 fucit
834 1267 928 1339 sylva,
948 1268 1064 1335 see§8.
1102 1266 1219 1333 Florus,
1231 1267 1275 1322 iii.
1290 1266 1333 1331 10,
1346 1258 1390 1310 D‘
1402 1258 1466 1309 Sil*-

279 1350 439 1405 historicus
462 1348 515 1405 ille
536 1348 651 1403 Florus.
679 1347 784 1403 civius
833 1353 849 1419 §
876 1350 921 1415 18,
944 1351 1015 1406 does
1045 1354 1120 1406 stote
1146 1351 1212 1406 tlist
1236 1351 1336 1407 Caeser

279 1434 422 1505 primerio
466 1432 676 1487 Goitnunorum
721 1436 786 1486 eret
834 1434 965 1505 pursuod
982 1434 1032 1489 tho
1047 1434 1165 1491 Britons
1182 1434 1244 1489 into
1257 1433 1335 1491 (loli-

281 1518 383 1588 Regae,
405 1522 436 1571 et
456 1522 563 1587 praetor
584 1514 659 1570 hono
679 1514 785 1569 Rome·
834 1517 926 1573 docio
938 1518 1043 1589 rylooe5
1055 1536 1105 1573 see
1114 1516 1335 1581 Gumden,'702:

280 1618 386 1656 norum
427 1599 541 1655 colonio
578 1598 715 1663 Lindum,
754 1598 785 1653 in
833 1600 972 1657 Ceterum
1015 1601 1070 1657 hoc
1112 1600 1338 1657 Goledouiorum

280 1690 412 1741 extremo
423 1683 460 1739 ed
472 1683 615 1739 orientem
626 1680 785 1753 provincis
832 1685 1008 1740 vocabulum
1032 1685 1075 1739 ito
1094 1684 1174 1755 opud
1192 1684 1338 1739 Romanos

281 1786 342 1823 ore.
365 1772 457 1822 totum
480 1764 551 1823 veri)
570 1766 719 1837 regionem
742 1765 786 1819 bi·
835 1767 993 1839 scriptores
1036 1766 1170 1831 involuit,
1210 1772 1245 1821 ut
1286 1784 1341 1836 pro

282 1852 387 1905 lorism
411 1856 491 1906 secet
515 1849 622 1905 fluvius
646 1848 783 1904 'll-ivone.
835 1849 989 1905 Britounis
1007 1851 1146 1906 universe
1164 1849 1340 1905 etomnibus

283 1935 358 1989 Haec
394 1934 547 1989 Icenorum
584 1950 667 2005 geue,
708 1948 784 2001 quae,
836 1933 995 1989 Brinnniae
1032 1932 1124 2004 sylvis
1160 1932 1339 2003 usurparint.

284 2021 386 2087 utpote
428 2015 609 2072 ferocissimo
655 2014 786 2085 bellique
835 2018 915 2072 Hinc
963 2016 996 2071 L.
1037 2016 1144 2072 Florus
1193 2016 1340 2072 Cursorem

285 2105 355 2171 post
405 2100 556 2153 hominum
615 2097 787 2152 memorium
836 2100 1035 2156 Briunnosin
1048 2100 1221 2156 caledonios
1240 2099 1340 2171 sylves

286 2182 508 2246 studiosissime,
561 2180 678 2237 omissis
725 2184 787 2234 tom
836 2190 971 2241 secutum
979 2184 1086 2255 prodit,
1098 2201 1170 2255 ques
1182 2182 1233 2238 illc
1242 2189 1341 2239 tomen

285 2265 404 2321 rusticis
417 2282 505 2336 quum
517 2264 653 2319 civilibus
664 2262 786 2326 nutibus,
836 2285 985 2339 nunquam
1007 2267 1092 2323 vidit.
1139 2267 1265 2322 Lindum
1283 2267 1341 2322 and

286 2367 339 2405 suu
378 2354 481 2419 sponte
519 2348 551 2402 in
589 2347 788 2402 Romanorum
837 2352 942 2422 Rhoge
966 2368 1016 2407 ore
1046 2350 1096 2406 the
1122 2349 1205 2406 citios
1230 2350 1264 2405 oi
1290 2350 1340 2405 tho

286 2432 455 2489 sociotatem
507 2434 682 2494 secesserat,
730 2446 789 2484 non
838 2434 977 2499 corium,
1004 2434 1162 2506 according
1185 2439 1217 2491 to
1241 2432 1339 2499 Ptol.;

285 2521 399 2573 tantum
423 2532 490 2569 mox
511 2514 667 2578 deiecerat,
682 2512 735 2568 sed
752 2513 789 2567 od
838 2517 964 2573 Lindum
973 2534 1032 2573 wos
1043 2535 1060 2573 o
1072 2517 1175 2589 colony
1184 2515 1342 2587 according

287 2599 334 2655 sui
356 2616 472 2669 qnoque
498 2597 693 2652 imitationem
717 2595 789 2651 ulios
837 2606 868 2657 to
898 2600 1054 2657 Revennes
1084 2600 1115 2654 in
1138 2599 1249 2663 Petrio,
1284 2617 1341 2653 xxv

286 2699 374 2754 quem
392 2681 535 2753 plurimos
549 2680 738 2743 excituverut,
752 2677 788 2733 ob
838 2686 892 2740 001.
906 2684 932 2739 3.
970 2683 1098 2739 Trivono
1118 2698 1213 2738 seems
1231 2681 1343 2737 tobes

286 2766 402 2822 Ostorio
441 2764 525 2819 Duce
563 2761 693 2835 primum
735 2761 789 2817 sub
838 2786 924 2824 name
948 2768 981 2821 of
1007 2765 1169 2822 Bertram’s
1192 2765 1342 2821 invention

283 2851 390 2924 jugum
408 2848 501 2904 misso
524 2852 580 2912 est,
593 2846 706 2917 uliquot
725 2851 791 2918 post
840 2852 883 2908 lor
907 2851 958 2907 the
981 2850 1078 2906 'irent
1128 2849 1215 2906 Some
1239 2849 1272 2904 of
1291 2847 1342 2905 the

287 2952 385 2998 anuos,
406 2950 499 3004 quum
515 2931 579 2986 Rex
596 2931 739 3002 ipsorum,
761 2935 791 2984 et
839 2936 935 2992 words
970 2935 1002 2990 in
1030 2934 1089 2990 this
1127 2937 1142 3003 ς
1179 2951 1230 2990 are
1266 2933 1342 2988 from

287 3017 426 3072 onimoet
441 3015 546 3087 opibus
559 3012 789 3077 valentissimus,
840 3019 959 3077 Tucim
982 3017 1059 3073 Ann.
1080 3017 1130 3072 xii.
1158 3018 1210 3073 31:
1250 3016 1342 3080 Iceni,

288 3102 470 3171 Presutugus
494 3098 622 3153 moriens
645 3096 790 3152 Oaesarem
840 3102 938 3157 valido
962 3120 1045 3172 gene,
1063 3118 1119 3156 nec
1142 3100 1254 3172 proeliis
1279 3117 1346 3154 con-

289 3184 480 3256 ejusdemque
510 3187 644 3253 posteros
667 3180 791 3236 heredes
840 3185 910 3249 tusi,
930 3185 999 3255 quie
1020 3184 1191 3239 societatem
1214 3189 1345 3238 nostrum

289 3270 409 3324 feceret.
441 3265 567 3321 Romani
580 3270 679 3320 eutem
692 3263 793 3318 Iceno·
841 3268 970 3324 volentos
983 3273 1176 3322 occosscrsut.
1217 3265 1262 3321 On
1273 3265 1343 3319 Pru·

289 3369 359 3406 rum
371 3352 414 3405 sic
434 3349 585 3405 abutentes
607 3348 745 3412 amicitie,
760 3353 794 3402 ut
843 3357 976 3422 utringue,
991 3348 1061 3404 ibid.
1076 3348 1133 3402 xiv.
1149 3350 1181 3402 31
1194 3370 1201 3414 ς
1222 3365 1258 3401 on
1270 3347 1346 3402 Bon·

290 3435 367 3489 nulli
386 3450 444 3487 non
458 3451 490 3488 se
504 3431 629 3487 luxuriae
649 3430 792 3494 dederint,
842 3430 1345 3498 duicu,1lrid.31-37,undBertrem

291 3519 328 3573 ub
358 3516 464 3573 iisdem
498 3521 599 3589 poetes
636 3513 792 3585 sociisque,
842 3517 872 3572 ii.
888 3518 914 3582 l,
930 3516 1002 3586 §18.

291 3603 345 3657 sub
363 3601 455 3656 ductu
471 3599 706 3656 bellicosissimos
718 3595 794 3651 Bon·

292 3684 393 3749 duicoe,
413 3683 511 3738 viduoe
524 3681 617 3752 Regis
635 3698 724 3751 supro
744 3697 793 3734 no·

291 3767 403 3831 minuti,
429 3766 473 3822 ito
502 3764 602 3822 infesti
626 3764 701 3836 ipsis
727 3765 796 3818 sunt

292 3850 409 3914 redditi,
417 3856 452 3905 ut
461 3847 794 3917 combustisdeletisque

293 3935 421 4004 ipsorum
440 3932 562 3988 coloniis
576 3949 610 3986 ec
623 3931 793 4000 municipio,

294 4017 401 4072 civium
437 4015 565 4085 denique
598 4013 795 4069 Romanorum

295 4099 415 4154 LXXX.
433 4099 477 4155 M.
506 4099 586 4152 ferro
610 4094 718 4152 misere
737 4095 798 4150 sint

294 4182 450 4248 trucideti3
483 4180 537 4236 sed
565 4187 669 4251 posteo
692 4178 730 4233 od
753 4179 796 4232 ol·

294 4265 392 4322 ficium
416 4265 535 4336 redegit
559 4263 716 4319 Suetonius
741 4261 795 4317 Le·

296 4357 391 4420 gatus,
405 4349 508 4404 multis
526 4347 690 4419 prudentiss
704 4346 797 4399 nomi-

296 4434 380 4488 nibus
394 4431 606 4505 suspiciendus.

332 4663 356 4718 I.
370 4665 396 4728 6,
414 4665 429 4732 §
444 4663 488 4718 sl.
525 4660 574 4716 Ad
588 4660 798 4732 septentrionu-
882 4659 966 4713 Abus
996 4657 1053 4712 sud
1084 4655 1183 4711 Setoio
1213 4655 1244 4709 in
1272 4655 1349 4710 Ptol.

298 4745 355 4803 lem
391 4745 481 4816 hujus
518 4743 649 4816 regionis
679 4742 799 4815 plegem
848 4741 899 4797 xiii
919 4738 1104 4795 osndxiib.
1153 4737 1212 4793 For
1223 4737 1273 4793 the
1285 4755 1351 4809 pro·

300 4829 412 4886 Oceano
428 4827 560 4885 occurrit
579 4826 686 4884 fluvius
704 4825 797 4892 Abue,
829 4824 932 4886 iviuce
956 4821 1083 4880 Maxime
1106 4840 1156 4879 soe
1180 4821 1242 4890 §2
1289 4821 1351 4875 Tho
