3567 5800
462 911 465 919 ,
524 852 590 913 180
784 864 849 915 mc.
873 866 921 915 nn
943 864 1075 915 omnus.
1098 865 1188 917 seno.
1214 866 1300 917 mer.

521 1049 717 1135 prudentem
750 1055 785 1116 et
818 1054 934 1138 postea
956 1050 1175 1117 Oridiacensis
1205 1050 1349 1117 ecclesiae
1379 1050 1577 1137 pontificem

521 1152 665 1239 aliosque
700 1152 827 1240 legatos
864 1155 1079 1243 magnatibus
1116 1154 1248 1241 Angliae
1294 1153 1466 1219 evidenter
1509 1175 1578 1218 ex-

520 1256 647 1341 pressit.
704 1255 801 1321 Inter
830 1261 939 1322 cetera
961 1255 1105 1343 denique
1127 1256 1314 1345 Agelnotho
1338 1256 1578 1323 Oantuariensi

520 1362 556 1422 et
576 1357 701 1423 illirico
723 1358 922 1425 Eboraoensi
955 1358 1204 1447 archiepiscopis
1236 1360 1453 1445 omnibusque
1483 1358 1576 1443 epis-

520 1459 609 1545 copis
640 1466 675 1526 et
707 1460 905 1546 primatibus
926 1461 1059 1547 Angliee
1092 1484 1151 1549 per
1172 1460 1347 1547 epistolam
1370 1482 1466 1527 suam
1488 1460 1575 1525 inti-

520 1561 638 1642 mavit,
652 1563 740 1649 quod
762 1563 828 1630 fuit
842 1565 957 1629 Romae
980 1564 1017 1627 in
1039 1586 1158 1651 magna
1180 1563 1401 1629 sollemnitate
1417 1562 1575 1627 Paschali

520 1686 627 1730 coram
650 1664 785 1731 domino
816 1688 905 1754 papa
935 1666 1090 1733 Johanne
1113 1672 1147 1733 et
1170 1664 1323 1732 Conrado
1355 1666 1572 1752 imperatore,

518 1768 735 1852 presentibus
765 1768 897 1857 regibus
928 1769 1055 1835 cunctis
1087 1774 1121 1835 et
1147 1768 1352 1856 principibus
1373 1768 1524 1856 gentium
1550 1790 1574 1831 a

518 1875 631 1935 monte
654 1870 807 1958 Gargano
837 1893 942 1957 usque
965 1871 1008 1936 ad
1032 1872 1124 1938 istud
1145 1872 1333 1959 proximum
1355 1892 1466 1951 mare3
1504 1872 1570 1955 qui

519 1993 631 2037 omnes
652 1972 747 2038 illum
768 1973 945 2039 honorifice
967 1979 1181 2062 susceperunt
1203 1980 1238 2041 et
1268 1973 1397 2060 magnis
1420 1972 1573 2037 donariis

518 2074 769 2141 honoravenmt
816 2076 919 2141 Cuius
941 2076 1089 2163 epistolae
1112 2082 1259 2142 tenorem
1281 2076 1358 2141 huic
1387 2075 1478 2163 operi
1499 2096 1573 2139 non

517 2178 695 2265 incongrue
725 2179 864 2266 dignum
895 2179 1050 2245 duximus
1072 2179 1290 2246 inserendum.
1336 2178 1442 2243 Tenor
1464 2177 1573 2265 igitur

517 2280 665 2367 epistolae
685 2283 833 2369 praefatee
853 2282 931 2348 talis
953 2287 1012 2349 est.

349 2402 420 2454 vult

350 2470 439 2522 Malm.
448 2472 474 2523 il.

349 2536 365 2601 ξ
380 2542 433 2588 18³.

349 2604 382 2652 Pl

382 2619 419 2654 ΟΥ.

348 2669 499 2788 lli‘f‘lia.
871 2794 879 2809 ‚
1037 2795 1044 2809 ⁹
1364 2794 1371 2809 ι

348 2815 476 2867 Iettaof
562 2794 711 2861 (immo
733 2816 794 2860 rex
816 2798 922 2860 totrus
945 2795 1076 2881 Anghee
1098 2799 1133 2860 et
1155 2793 1404 2861 Danemarcluae
1426 2796 1460 2861 et
1480 2793 1570 2859 Nor-

346 2882 422 2936 ⁰¹¹¹¹i
515 2898 615 2984 regiae
637 2904 672 2964 et
694 2898 799 2984 partis
821 2895 1028 2978 swavorum,
1044 2898 1232 2985 Agelnotho
1254 2897 1509 2985 metropolitano
1530 2903 1568 2962 et

513 3000 638 3067 alfrico
662 3001 861 3066 Eboracemu‘
884 3001 1102 3087 omnibusque
1125 3001 1283 3089 episcopis
1309 3007 1344 3066 et
1366 3001 1567 3087 primatibus

516 3108 551 3167 et
573 3105 639 3169 toti
664 3104 758 3191 genti
780 3102 974 3188 Anglorum‚
1000 3109 1070 3168 tam
1100 3102 1265 3168 nobilibus
1292 3125 1391 3189 quam
1420 3102 1565 3190 plebeiis

517 3205 666 3272 salutem.
722 3205 867 3270 Notifioo
891 3205 986 3270 vobis
1006 3226 1058 3270 me
1084 3205 1214 3270 noviter
1233 3205 1296 3270 isse
1326 3204 1465 3270 Romam
1494 3225 1569 3269 ora-

518 3312 593 3372 tum
607 3329 667 3394 pro
680 3306 906 3393 redemptione
920 3307 1142 3393 peccaminum
1158 3327 1314 3386 meorum,
1330 3311 1367 3372 et
1385 3327 1444 3393 pro
1459 3306 1568 3372 salute

516 3432 692 3498 regnorum
721 3409 843 3496 quique
875 3428 950 3473 meo
981 3408 1151 3475 subiacent
1179 3409 1332 3497 regimini
1362 3408 1567 3496 populorum.

516 3511 615 3576 Hanc
637 3511 770 3598 quidem
796 3510 1031 3596 profectionem
1052 3510 1126 3576 Deo
1156 3511 1224 3577 iam
1253 3511 1333 3576 olim
1359 3512 1566 3588 devoveram,

514 3614 572 3679 sed
601 3635 661 3700 pro
689 3613 833 3702 negotiis
857 3615 953 3699 regni
975 3619 1011 3678 et
1035 3614 1142 3679 causis
1168 3613 1424 3701 impedientibus
1449 3614 1567 3678 hucus-

513 3737 578 3802 que
599 3737 668 3782 non
689 3722 839 3802 poteram
860 3715 1021 3803 perficere.
1068 3715 1167 3781 Nunc
1189 3721 1300 3782 autem
1320 3715 1384 3804 ipsi
1406 3715 1476 3781 Deo
1491 3737 1566 3780 meo

513 3819 737 3906 omnipotenti
770 3818 868 3884 valde
899 3818 1071 3884 humiliter
1100 3820 1225 3906 gratias
1261 3839 1332 3906 ago,
1364 3818 1453 3905 quod
1488 3840 1566 3883 oon-

513 3924 610 3990 oessit
632 3924 669 3988 in
694 3923 767 3987 vita
780 3943 854 3987 mea
881 3920 997 3988 beatos
1019 3922 1183 4009 apostolos
1205 3921 1342 3986 Petrum
1365 3927 1400 3986 et
1423 3921 1565 3986 Paulum

513 4032 549 4092 et
571 4047 668 4091 omne
698 4023 923 4090 metuarium
952 4025 1042 4110 quod
1078 4024 1168 4089 intra
1203 4024 1319 4089 urbem
1342 4024 1482 4089 Romam
1504 4030 1565 4088 aut

514 4135 609 4195 extra
629 4127 797 4193 addiscam
817 4128 923 4214 potui,
937 4131 1097 4215 expetere,
1125 4132 1160 4192 et
1181 4125 1361 4192 secundum
1375 4147 1484 4193 meum
1509 4127 1566 4191 de·

513 4232 671 4298 siderium
699 4229 955 4318 praeentialiter
982 4231 1133 4296 venerari
1161 4233 1195 4296 et
1225 4230 1368 4295 adorare
1414 4229 1460 4295 Et
1489 4229 1564 4294 ideo

513 4335 656 4400 maxime
680 4334 743 4399 hoc
761 4332 902 4420 patravi,
921 4331 1000 4419 quia
1022 4354 1043 4398 a
1062 4331 1267 4420 sapientibus
1289 4331 1392 4398 didici
1413 4335 1562 4397 sanctum

513 4437 648 4502 Petrum
685 4435 870 4523 apostolum
909 4457 1062 4522 magnam
1100 4439 1300 4520 potestatem
1340 4434 1505 4521 accepisse
1543 4455 1565 4497 a

965 2592 1127 2681 Epistola.

513 4539 657 4604 Domino
687 4538 814 4625 ligendi
848 4541 883 4603 et
913 4536 1070 4618 solvendi,
1100 4537 1366 4625 clavigerumque
1402 4558 1470 4602 esse
1500 4555 1566 4600 coe-

513 4639 607 4705 lestie
629 4640 742 4726 regni:
773 4645 808 4704 et
830 4639 905 4704 ideo
930 4637 1115 4726 specialiter
1138 4639 1208 4705 eius
1231 4638 1451 4726 patrocinium
1474 4636 1566 4724 apud

515 4741 622 4807 Deum
653 4747 807 4827 expetere
840 4740 938 4807 valde
967 4741 1050 4808 utile
1081 4741 1170 4808 duxi.
1234 4741 1287 4807 Sit
1324 4746 1435 4806 autem
1465 4741 1564 4805 vobis
