3567 5800
475 757 496 819 2
735 774 800 824 nro.
824 773 1137 822 nemausenses.
1161 771 1250 821 mss.

475 955 522 1016 De
541 959 729 1018 coronatione
748 960 829 1037 regis
850 959 979 1033 Edwini,
999 959 1055 1018 filii
1072 959 1238 1037 sopradicti
1258 957 1339 1035 regis
1358 953 1520 1016 Edmundi.

520 1049 599 1128 Cap.
611 1052 697 1110 xviii.

474 1141 521 1200 De
540 1151 637 1204 morte
657 1144 779 1203 Edwini
799 1147 889 1223 regis.
936 1146 1010 1226 Cap.
1023 1146 1088 1206 xix

473 1235 522 1295 De
536 1238 726 1298 coronatione
739 1237 820 1316 regis
834 1239 959 1318 Edgari,
974 1245 1170 1318 cognomento
1183 1238 1312 1317 pacifici.
1358 1235 1431 1315 Cap.
1446 1253 1500 1294 xx

455 1327 522 1390 ,De
535 1332 728 1390 renovatione
749 1332 882 1392 ecclesie
903 1332 986 1394 boati
1005 1333 1092 1391 Petri
1105 1329 1366 1391 Wostmonssterii
1385 1347 1439 1406 per
1456 1326 1522 1404 glo·

514 1423 710 1483 riosissimum
749 1443 850 1504 rogem
891 1425 1047 1502 Edgarnm
1080 1431 1112 1484 ot
1144 1430 1281 1484 sanctum
1321 1423 1522 1483 Dumtanum.

521 1513 594 1594 Cap.
615 1517 681 1576 xxi.

478 1605 565 1680 Quod
584 1628 641 1668 rex
660 1609 799 1687 Edgarus
820 1611 1021 1689 quadraginta
1039 1610 1223 1671 monasteria
1242 1629 1298 1688 per
1316 1627 1442 1687 mum
1455 1607 1521 1666 An·

516 1702 634 1778 giorum
647 1702 761 1762 fecerit.
808 1703 882 1783 Cap.
898 1705 975 1764 xxii.

477 1795 524 1856 Ut
542 1817 598 1856 rex
618 1799 761 1876 pacificus
780 1798 921 1876 Edgarus
942 1799 982 1858 ab
1003 1807 1071 1860 octo
1089 1798 1261 1878 subregulis
1280 1798 1455 1860 fidelitatem
1473 1813 1523 1858 ae·

517 1891 639 1966 ceperit.
686 1890 759 1968 Cap.
774 1891 865 1950 xxiii.

477 1981 525 2041 De
545 1991 639 2042 morte
660 1983 775 2061 Edgari
796 1985 886 2060 regis.
934 1983 1008 2063 Cap.
1022 1986 1108 2043 xxiv.

478 2075 525 2134 De
549 2077 734 2138 successione
758 2083 789 2135 et
811 2077 1002 2138 coronatione
1023 2076 1176 2150 Edwardi,
1197 2076 1390 2157 primogeniti
1410 2075 1527 2154 Edgari

517 2167 606 2244 regis.
653 2166 727 2246 Cap.
742 2189 817 2229 xxv.

478 2259 525 2318 Do
545 2260 682 2336 passione
702 2263 799 2321 sancti
820 2262 966 2321 Edwardi
985 2263 1067 2341 regis
1087 2269 1119 2322 et
1138 2263 1287 2342 martyris.
1334 2260 1409 2340 Cap.
1425 2259 1510 2320 xxvi.

479 2355 525 2412 De
546 2353 738 2414 coronatione
758 2353 925 2429 Ethenedi,
939 2353 996 2414 filii
1016 2355 1097 2434 regis
1117 2356 1239 2436 Edgari
1286 2353 1362 2440 Cap.
1376 2355 1473 2414 xxvii.

481 2445 568 2520 Quod
595 2455 664 2524 post
689 2454 815 2507 mortem
843 2447 940 2508 sancti
966 2447 1120 2508 Dunstsni
1143 2468 1245 2510 omncs
1267 2467 1316 2509 res
1343 2447 1527 2510 contradam

518 2547 633 2598 motum
653 2549 852 2617 sumpserunt.
899 2539 973 2619 Cap.
988 2542 1099 2601 xxviii.

482 2631 569 2704 Quod
603 2651 658 2692 rex
685 2634 840 2692 Danorum
876 2632 1002 2694 Swanus
1036 2633 1212 2712 subiugavit
1238 2633 1391 2713 Angliam.
1450 2629 1529 2712 Cap.

520 2743 610 2786 xx1x.

481 2817 528 2878 De
547 2825 643 2878 morto
662 2817 819 2878 Ethelredi
838 2819 920 2896 regis
933 2819 1103 2897 Anglorum
1123 2827 1155 2880 ot
1174 2821 1364 2881 coronatione
1378 2819 1529 2880 Edmundi

521 2912 577 2970 filii
597 2912 670 2985 eius,
686 2920 882 2990 cognomento
903 2912 1008 2972 Ferrei
1028 2912 1157 2973 Lateris.
1204 2912 1279 2993 Cap.
1300 2934 1378 2975 xxx.

484 3006 531 3065 De
555 3012 649 3065 morto
671 3005 799 3065 dolenda
820 3006 901 3083 ragis
933 3005 1085 3065 Edmundi
1118 3008 1242 3068 secundi
1273 3016 1306 3067 et
1339 3006 1530 3067 coronatione

523 3097 670 3159 Cnutonis
690 3100 780 3176 regis.
827 3096 901 3178 Cap.
922 3100 1011 3158 xxxi.

482 3192 529 3253 Do
549 3200 645 3251 morte
665 3191 869 3251 nefandissimi
891 3188 976 3250 ducis
996 3191 1110 3253 Edrici.
1157 3192 1231 3272 Cap.
1253 3195 1353 3253 xxxii.

484 3286 571 3359 Quod
601 3306 657 3345 rex
685 3282 784 3345 Cnuto
818 3284 955 3343 Emmam
983 3284 1153 3363 Anglorum
1186 3285 1323 3364 reginam
1357 3284 1472 3363 accepit
1498 3284 1531 3342 in

522 3396 657 3437 uxorem.
705 3377 779 3456 Cap.
801 3376 913 3435 xxxiii.

483 3472 530 3529 De
557 3478 653 3528 morte
681 3468 828 3531 Cnutonis
855 3471 936 3549 regis
964 3478 995 3531 ct
1021 3470 1208 3531 successione
1235 3470 1364 3531 Haroldi
1391 3469 1445 3531 filii
1472 3470 1532 3530 sui.

529 3562 603 3641 Cup.
625 3562 735 3622 xxxiv.

484 3658 531 3716 De
558 3662 653 3715 morto
686 3654 767 3732 regis
794 3652 923 3715 Haroldi
954 3664 986 3716 et
1012 3656 1198 3719 successione
1224 3656 1413 3717 Hardocnuti
1440 3658 1535 3735 regis.

530 3747 603 3825 Cap.
625 3767 723 3806 xxxv.

486 3844 532 3903 De
552 3848 648 3902 morte
669 3840 867 3901 Hardecnuti.
915 3840 990 3922 Cap.
1011 3844 1120 3903 xxxvi.

704 4086 898 4132 minuemus
918 4086 1076 4132 emma
1096 4088 1183 4131 amm
1204 4090 1321 4133 nuum.
