3567 5800
389 892 437 941 nr
458 890 575 941 crsrrs
597 890 718 940 ancum
739 888 938 939 Anca-111.
962 875 1016 953 ³4,
1039 875 1090 937 35.
1207 871 1271 935 189

226 1080 451 1161 habebantrn3
474 1100 543 1145 non
556 1082 691 1167 propter
713 1078 885 1144 Danornm
900 1098 1053 1154 amorem,
1069 1076 1126 1141 scd
1140 1078 1274 1162 propter

226 1183 330 1269 patris
357 1181 535 1269 ignaviam.
594 1180 669 1247 Rex
705 1184 817 1246 autem
856 1179 1091 1247 Hardecnutus
1122 1198 1202 1243 mox
1235 1181 1274 1242 ut

226 1286 334 1351 fuerat
347 1285 385 1349 in
398 1306 502 1372 regno
517 1284 742 1362 confirmatus,
765 1282 962 1349 iniuriarum
978 1304 1059 1369 quas
1074 1280 1138 1346 sibi
1153 1283 1190 1346 et
1204 1302 1274 1345 suae

226 1388 325 1453 matri
346 1410 368 1452 a
391 1408 450 1453 suo
477 1385 710 1473 praedecessore
733 1385 882 1450 Haroldo
910 1406 985 1471 rege
1012 1382 1115 1449 illatae
1142 1381 1274 1448 fuerant

226 1510 293 1554 non
317 1489 499 1569 immernor,
525 1488 689 1554 Alfiicum
715 1488 955 1554 Eboracensem
985 1488 1272 1575 archiepiscopum,

227 1593 379 1659 comitem
394 1591 604 1669 Godwinum,
627 1590 804 1656 Eadricum
828 1591 1093 1679 dispensatorem,
1118 1595 1153 1655 et
1172 1589 1275 1655 Tron-

228 1694 306 1760 dum
331 1694 517 1761 carnificem
540 1693 730 1759 Londcnias
753 1694 881 1776 missit;
911 1696 1014 1781 ipsius
1030 1693 1171 1759 Haroldi
1189 1692 1380 1779 regisffluloe

227 1818 341 1884 corpus
370 1796 522 1873 effodere,
552 1801 587 1862 et
616 1797 652 1861 in
681 1796 864 1863 Thamense
895 1796 1019 1862 flumen
1050 1794 1273 1882 decapitatum
1285 1786 1402 1917 {mli

228 1902 369 1988 proicere
397 1898 564 1986 praecepit.
627 1898 724 1980 Quod
754 1921 829 1965 cum
865 1899 1047 1985 proiectum
1085 1899 1200 1965 fuisset
1237 1899 1273 1963 in
1373 1892 1379 1903 ’

227 2002 481 2081 demembrari
503 2006 579 2089 post
603 2007 750 2089 tempore
774 2026 795 2067 a
818 2004 962 2089 quodam
984 2002 1144 2090 piscatore
1166 2024 1274 2091 reper-

228 2112 299 2172 tum
328 2110 387 2185 est,
410 2110 445 2170 et
476 2127 497 2169 a
525 2109 624 2192 gente
654 2104 783 2171 Danica
812 2104 994 2171 Londoniis
1024 2106 1060 2170 in
1091 2106 1274 2171 coemeteris

229 2206 399 2273 Danorum
435 2206 503 2272 fuit
532 2206 705 2293 sepultum.
765 2206 821 2274 Ad
849 2207 921 2275 haec
951 2229 1011 2294 pro
1042 2229 1119 2273 nece
1146 2206 1274 2274 Alfredi
1286 2210 1412 2329 ffles

227 2310 339 2377 fratris
362 2310 414 2376 sui
444 2316 561 2375 contra
590 2309 792 2375 Godwinum
822 2312 976 2375 comitem
1008 2311 1209 2397 proditorem
1239 2296 1400 2397 eisnemied.

228 2414 406 2501 livingum
430 2414 616 2500 episcopum
630 2413 901 2499 wigorniensem,
941 2414 1171 2479 accusantibus
1201 2413 1274 2479 illos

229 2516 350 2582 Alfiico
380 2515 579 2582 Eboracensi
623 2516 865 2603 archiepiscopo
902 2520 1092 2583 constanter
1130 2520 1164 2581 et
1202 2516 1274 2581 aliis

229 2618 350 2699 multis,
380 2640 440 2684 rex
469 2618 520 2683 ira
547 2619 760 2684 vehementer
796 2618 928 2685 exarsit.
990 2618 1150 2699 Quocirca
1186 2618 1273 2684 idem
1287 2634 1359 2685 will.

228 2743 287 2787 rex
325 2722 525 2809 Lyvyngum
562 2704 765 2809 degradavit,
804 2726 840 2787 et
877 2720 1003 2787 Alfrico
1049 2721 1274 2808 episcopatum
1287 2702 1374 2833 fflss
1385 2702 1412 2753 ii.

229 2824 393 2890 conoessit.
455 2823 638 2889 Godwinus
668 2845 746 2889 vero
775 2845 836 2911 pro
865 2829 973 2889 morte
1003 2822 1133 2889 Alfredi
1163 2823 1275 2889 fratris
1289 2807 1416 2912 Godwin’s

229 2927 280 2992 sui
316 2933 351 2992 et
387 2927 534 2992 amicitia
569 2927 657 3014 regis
693 2927 874 3014 optinenda
912 2927 1005 2994 dedit
1050 2928 1121 3016 regi
1156 2950 1275 2994 navem
1288 2929 1399 2992 gisors

230 3051 360 3095 auream
386 3050 460 3094 cum
492 3034 599 3094 rostro
626 3050 725 3094 aureo
751 3029 966 3096 fabrefactam
996 3035 1031 3096 et
1061 3031 1275 3096 armamentis
1287 2996 1380 3144 {3³⁰³

230 3132 335 3196 aureis
359 3131 565 3206 instmctam
590 3131 690 3196 armis
713 3132 838 3197 decoris
862 3137 896 3197 et
920 3133 1088 3219 octoginta
1111 3132 1275 3197 militibus

229 3234 333 3300 aureis
359 3233 566 3311 decoratam
600 3233 728 3298 horum·
745 3238 857 3298 autem
889 3233 1030 3320 quilibet
1059 3233 1096 3298 in
1116 3233 1276 3300 bracchiis

231 3337 297 3401 suis
328 3336 410 3401 duas
440 3334 587 3400 habebat
624 3336 769 3401 armillas
803 3358 928 3416 aureas,
965 3336 1130 3403 sexdecim
1168 3337 1280 3402 uncias

231 3439 461 3525 appendentes,
495 3435 653 3504 loricam¹
688 3460 822 3504 auream
860 3438 1010 3518 trilicem,
1048 3439 1206 3504 cassidem
1244 3439 1279 3504 in

231 3541 334 3626 capite
356 3561 499 3620 auream,
531 3539 679 3626 gladium
712 3541 821 3607 aureis
852 3540 977 3627 capulis
999 3541 1133 3607 renibus
1155 3543 1279 3608 accinc-

231 3648 310 3722 tum,
334 3642 472 3708 securim
494 3641 657 3707 Danicam
679 3664 721 3708 ex
742 3664 823 3707 auro
845 3643 1058 3710 fabrefactam
1087 3643 1124 3708 in
1146 3645 1280 3710 sinistro

230 3745 364 3810 humero
399 3744 605 3830 pendentem,
643 3743 680 3808 in
716 3766 819 3808 manu
856 3744 992 3811 sinist'ra
1029 3746 1169 3833 clipeum
1207 3769 1279 3812 cum

231 3847 425 3913 umbonibus
447 3847 556 3912 aureis
579 3851 614 3912 et
636 3846 746 3924 clavis,
762 3848 799 3911 in
822 3846 960 3913 dextera
974 3847 1120 3916 lanceam
1136 3871 1279 3926 auream,

233 3972 308 4036 quoe
328 3951 453 4037 linguae
475 3949 663 4036 Anglorum
686 3949 838 4037 Hategar
867 3957 1085 4039 nuncupatur.
1141 3953 1281 4040 Insuper

231 4052 433 4118 haecomnia
454 4073 529 4117 cum
551 4051 756 4139 principibus
778 4052 880 4119 ferme
903 4053 1008 4120 totius
1037 4056 1131 4142 regni
1153 4062 1188 4121 et
1211 4056 1280 4142 dig-

226 4155 378 4220 nioribus
415 4155 485 4242 regi
523 4154 656 4233 iuravit,
694 4176 763 4219 non
800 4155 933 4242 ingenio
970 4156 1022 4222 sui
1060 4157 1186 4223 consilii
1221 4162 1280 4222 aut

231 4257 401 4322 voluntate
433 4256 544 4334 fuisse,
578 4256 666 4342 quod
689 4256 885 4323 fratereius
915 4257 1069 4324 Alfredus
1092 4259 1202 4325 fuerat
1223 4283 1280 4325 ex-

232 4364 378 4437 caecatus,
416 4359 475 4425 sed
510 4379 620 4445 regem
659 4358 846 4424 Haroldnm
883 4361 972 4447 quod
1009 4360 1134 4427 factum
1170 4361 1278 4428 fuerat

232 4462 431 4550 praecepisse.

448 4786 579 4853 ¹loricata]
601 4786 693 4838 Mattb.
704 4785 825 4846 wama
850 4786 971 4846 luceam,
983 4786 1039 4838 MS.
