3567 5800
431 878 479 926 nr
500 877 613 926 ossrrs
635 877 757 928 aranu
777 877 975 930 iana-m
1002 863 1057 942 27,
1081 867 1133 928 28.
1247 864 1307 932 271

264 1063 387 1141 “Alii''
412 1065 531 1151 inquit,
566 1073 652 1154 “Per
675 1065 838 1152 Spiritum
865 1067 965 1132 datur
991 1087 1097 1131 sermo
1124 1064 1296 1152 sapientiae
1308 1085 1317 1142 ;

262 1168 321 1234 alii
343 1172 455 1236 autam
475 1190 582 1234 sermo
604 1169 749 1236 scientiae
771 1168 952 1236 seeundum
974 1168 1115 1235 eundem
1134 1166 1313 1254 Spiritum3

263 1269 321 1334 alii
344 1269 433 1350 fides,
449 1271 508 1338 alii
529 1272 639 1358 gratia
661 1272 872 1338 sanitatum.''
918 1270 994 1337 Hoo
1010 1272 1174 1359 praeeipue
1196 1293 1317 1350 munus

265 1374 474 1439 curationum
499 1374 578 1440 lieet
606 1375 734 1461 plenius
760 1397 819 1462 per
842 1375 906 1441 Dei
932 1373 1097 1461 Spiritum
1122 1397 1183 1440 rex
1206 1373 1315 1439 Chris

265 1476 467 1560 tianissinms
504 1476 681 1556 habuisset,
720 1479 757 1542 in
801 1477 1028 1544 illuminandis
1070 1482 1184 1544 tamen
1224 1478 1318 1543 meis
1405 1504 1410 1510 ·

266 1580 398 1666 speciali
431 1581 541 1668 gratia
574 1580 794 1669 praefulgebat
816 1581 858 1648 ob
885 1580 1060 1660 interioris,
1091 1588 1131 1646 ut
1162 1580 1316 1658 ereditur,

266 1681 409 1748 hominis
423 1683 603 1770 puritatem
614 1709 623 1766 ;
645 1689 686 1750 ut
708 1684 761 1750 oui
787 1683 955 1750 munditia
980 1683 1158 1771 singularis
1181 1683 1318 1750 defaeoa-

266 1791 361 1851 verat
387 1787 492 1853 cordis
523 1788 669 1867 obtutus,
692 1787 762 1874 ipse
792 1787 829 1852 in
855 1785 930 1852 aliis
958 1787 1160 1852 exteriorum
1191 1784 1319 1873 propel-

267 1887 350 1955 leret
382 1889 536 1956 tenebras
566 1890 743 1956 oerrlorum
800 1889 915 1956 Oaeaus
944 1889 1080 1976 quidam
1109 1889 1190 1955 satis
1219 1892 1440 1958 notusablino

266 1992 303 2056 in
324 1994 444 2080 populo
468 2017 543 2059 eum
564 1993 672 2059 multo
693 1993 762 2058 iam
784 1997 933 2080 tempore
953 1990 1130 2079 ademptae¹
1147 1991 1212 2057 sibi
1236 1991 1317 2058 lueis
1329 1978 1477 2108 wem

267 2093 412 2162 flevisset
434 2097 687 2174 ineommodum,
712 2095 837 2182 placuit
859 2094 1026 2163 Saluitoni
1047 2117 1115 2162 uno
1137 2095 1317 2181 eodemque
1330 2110 1479 2160 ventrio

268 2199 424 2264 miraculo
455 2205 491 2266 et
520 2199 607 2287 regis
636 2199 809 2286 propalare
838 2199 1002 2264 virtutem
1031 2203 1066 2264 et
1094 2197 1317 2264 aelamitatem
1329 2176 1474 2294 ssffihhffl'

268 2303 420 2388 pauperis
457 2307 649 2390 temperare.
715 2300 863 2368 Docetur
901 2303 1015 2388 itaque
1051 2302 1150 2367 miser
1187 2301 1317 2367 oraculo
1330 2310 1482 2360 mhedhis

267 2404 380 2469 lumen
405 2405 562 2471 amissum
583 2427 619 2470 se
645 2405 716 2470 eius
745 2404 873 2470 meritis
897 2405 1103 2491 adepturum,
1129 2405 1158 2469 si
1182 2404 1319 2491 lympha
1330 2379 1418 2430 hm·

269 2529 334 2593 qua
355 2529 416 2572 rex
436 2529 555 2573 manus
578 2506 729 2573 ablueret
754 2507 825 2594 ipse
849 2506 967 2573 faeiem
992 2529 1086 2573 suam
1111 2507 1319 2594 perfudisset.

269 2610 324 2674 Ad
343 2631 481 2676 manum
500 2611 605 2697 igitur
620 2613 747 2676 tractus
768 2631 842 2674 eum
864 2609 908 2674 ad
924 2609 1085 2696 palatium
1106 2611 1317 2697 pervenisset,

267 2713 474 2778 cubiculariis
496 2713 613 2780 retulit
634 2712 804 2778 visionem.
851 2711 961 2792 Quam
992 2736 1067 2779 oum
1093 2712 1144 2778 illi
1174 2713 1320 2800 piissimo

270 2817 411 2904 principi
437 2814 684 2905 suggessissent,
712 2815 885 2903 obstupuit
912 2815 975 2893 ille,
1003 2815 1246 2903 plurimumque
1269 2816 1319 2880 in-

269 2920 424 3007 dignatus
453 2920 586 2985 illusum
616 2919 906 3005 phantasmatibus
936 2918 1112 2999 hominem,
1138 2920 1223 2984 nihil
1252 2919 1321 2985 tale

269 3022 309 3087 de
343 3028 509 3110 peccatore
541 3022 748 3108 sperandum,
781 3021 970 3107 apostolieae
1000 3020 1036 3087 id
1070 3043 1140 3087 asse
1170 3022 1319 3101 virtutis,

269 3146 328 3190 neo
349 3125 449 3191 fidem
471 3125 606 3189 somniis
628 3123 850 3189 adhibendam
872 3144 942 3189 esse
963 3124 1112 3189 asseruit.
1158 3121 1320 3188 Referam

269 3227 318 3291 illi
340 3249 407 3293 non
435 3248 670 3313 usquequaque
695 3226 796 3292 fidem
826 3226 963 3291 somniis
992 3225 1222 3313 derogandam,
1246 3248 1321 3291 cum

269 3329 293 3395 J
295 3351 371 3416 osep
393 3334 427 3395 et
450 3329 574 3394 Daniel
598 3334 765 3421 ¹nocturna
787 3327 914 3395 visione
936 3327 1051 3393 tirtura
1081 3327 1258 3393 didicerint
1288 3334 1322 3394 et

269 3432 430 3498 nutricius
454 3432 580 3497 Christi
602 3430 798 3519 fugiendum
821 3453 894 3496 oum
918 3452 1020 3517 puero
1043 3430 1097 3495 vel
1118 3431 1321 3497 redeundum

270 3534 386 3621 angelo
408 3538 588 3621 apparente
611 3534 647 3599 in
669 3534 794 3599 somnis
815 3533 1014 3620 cognoverit
1060 3532 1234 3613 Adiciunt,
1255 3534 1322 3599 Do

269 3638 396 3701 minum
417 3637 471 3702 eui
494 3637 616 3715 subest,
636 3658 711 3703 eum
730 3636 874 3702 voluerit
893 3657 995 3723 posse,
1013 3636 1147 3723 quando
1169 3636 1321 3714 voluerit,

270 3738 391 3825 quihus
411 3739 565 3819 voluerit,
580 3760 639 3825 per
665 3760 746 3825 quos
771 3739 925 3816 voluerit,
949 3761 1045 3827 opem
1067 3739 1152 3805 ferre
1174 3739 1321 3817 miseris;

270 3863 329 3907 nee
356 3841 498 3907 hominis
521 3864 590 3907 esse
617 3842 791 3929 praeceptis
821 3841 981 3909 resultare
1005 3842 1139 3908 Divinis
1168 3864 1228 3908 nee
1255 3844 1323 3907 eui-

271 3964 369 4029 quam
400 3943 489 4029 quod
513 3944 584 4031 ipso
606 3942 791 4029 providerit
817 3966 939 4031 negare
963 3946 1156 4011 remedium.
1203 3945 1323 4031 Itaque

272 4066 345 4111 eum
373 4046 462 4111 inter
491 4046 716 4111 humilitatem
743 4051 778 4112 et
807 4047 967 4133 pietatem
989 4048 1077 4134 regis
1103 4048 1234 4113 animus
1255 4070 1322 4113 non

272 4170 374 4234 parvo
396 4154 544 4235 tempore
569 4149 769 4227 fluctuasset,
795 4172 855 4215 nee
877 4150 1114 4236 inportuniteti
1136 4150 1320 4236 petentium

271 4252 414 4317 oessisset
428 4251 609 4329 humilitas,
625 4274 685 4317 neo
703 4256 812 4338 partes
833 4274 910 4317 suas
925 4252 1030 4338 pietas
1048 4250 1254 4333 deseruisset,
1272 4254 1322 4318 in-

269 4356 377 4421 stabat
396 4355 478 4424 hora
492 4377 557 4441 qua
577 4354 618 4419 ob
636 4354 825 4421 sollemnem
841 4355 1000 4421 Omnium
1015 4354 1212 4421 Sanctorum
1232 4354 1445 4443 vigi.0a31.

268 4457 346 4522 liam
370 4479 576 4544 processurus
597 4458 641 4525 ad
659 4458 827 4523 ecelesiam
846 4480 915 4536 ren,
932 4464 972 4523 ut
990 4458 1063 4524 fieri
1085 4459 1177 4538 solet,
1200 4482 1318 4525 manus

604 4800 612 4830 ¹
629 4798 759 4866 adempta]
778 4802 930 4867 ademptum,
941 4801 998 4853 MS.
