3567 5800
1012 904 1106 952 ns
1150 898 1384 952 ansus
1428 901 1671 952 amun
1712 900 2098 952 mon-um
2145 888 2250 967 83,
2284 889 2387 952 34.
2611 885 2738 952 283

644 1087 870 1153 officiis
936 1087 1300 1153 assistebat.
1428 1087 1598 1152 Cum
1657 1086 1869 1173 igitur
1940 1085 2411 1172 processionem
2473 1107 2742 1172 sequens

644 1190 858 1255 multo
904 1189 1115 1254 milite
1167 1190 1538 1276 stiparetur,
1587 1189 1809 1255 subito
1855 1189 2122 1274 quidam
2166 1189 2238 1252 in
2280 1187 2519 1254 habitu
2563 1209 2742 1275 pere-

642 1295 830 1379 grino
852 1291 1205 1377 „clamabat
1250 1293 1334 1357 ad
1399 1306 1637 1379 regem,
1684 1291 1938 1378 aliquid
1983 1289 2411 1377 eleemosynae
2453 1291 2582 1356 sibi
2625 1313 2742 1379 pro

645 1395 855 1461 sancti
894 1395 940 1460 J
944 1392 1218 1460 ohannis
1252 1416 1472 1461 amore
1508 1395 1849 1482 postulans
1883 1395 2225 1481 impertiri.
2316 1393 2557 1460 Iniecit
2589 1415 2738 1460 mox

648 1519 768 1562 rex
827 1519 1095 1562 manum
1158 1519 1526 1578 crumenam
1602 1498 1716 1562 sed
1789 1497 1903 1562 ille
1970 1497 2104 1562 iam
2169 1497 2245 1561 in
2306 1517 2469 1584 opus
2534 1497 2742 1562 simile

647 1601 868 1666 omnia
911 1619 1060 1687 quae
1104 1601 1368 1665 fuerant
1434 1600 1626 1665 illata
1687 1604 2190 1687 consumpserat.
2305 1599 2526 1665 Instat
2566 1620 2742 1686 pere-

647 1703 888 1789 grinus,
947 1723 1166 1789 preces
1235 1703 1652 1790 multiplicat.
1772 1701 1987 1769 Vocat
2046 1701 2526 1768 thesaurarium
2586 1723 2746 1778 rex;

647 1806 763 1871 sed
806 1806 1166 1871 obsistente
1209 1807 1409 1872 turba
1450 1827 1586 1872 non
1630 1806 1840 1871 affuit.
1934 1805 2324 1893 Augebatur
2365 1807 2585 1871 animo
2630 1827 2742 1870 rex

649 1914 929 1985 sanctus,
1005 1912 1076 1973 et
1148 1909 1311 1995 quid
1391 1908 1629 1974 faceret
1701 1908 2066 1994 ignorabat.
2201 1908 2490 1974 Tandem
2565 1909 2746 1974 anuli
2778 1894 2982 2006 ,¹j7i',j†j'¹df‘¹

650 2012 1065 2077 reminiscens
1107 2012 1222 2097 qui
1267 2012 1553 2099 digitum
1615 2011 1965 2088 ambiebat,
2010 2011 2402 2076 festinanter
2462 2011 2746 2077 abstrac⁴
2774 2002 2810 2070 ἷ-’ῑ
2826 2042 2846 2070 ιι
2918 2042 2962 2070 ι.,

648 2119 794 2178 tum
827 2115 1165 2202 peregrino
1201 2114 1509 2200 porrexit.
1603 2114 1726 2178 Ille
1758 2119 1969 2180 tantae
2003 2113 2473 2180 munificentiae
2502 2115 2750 2201 gratias
2778 2094 2898 2206 {fbf
2914 2106 3022 2222 ἰζῗῇῥ

651 2238 869 2303 agens,
928 2217 1037 2282 vel
1102 2218 1368 2282 recessit
1435 2217 1543 2281 vel
1609 2216 1950 2304 disparuit.
2072 2217 2335 2283 Accidit
2395 2224 2546 2305 post
2610 2218 2750 2284 haes
2778 2230 2894 2270 ΛΜ·1
2930 2230 2994 2274 'm-

649 2319 829 2384 viros
895 2319 1060 2384 duos
1120 2319 1526 2385 adorandum
1588 2319 1954 2384 Salvatoris
2013 2320 2379 2407 sepulcrum
2437 2298 2934 2387 ·J‹÷1·0s01i÷‘1''²‘'¹'¹

652 2442 829 2486 mam
905 2421 1239 2507 proficisci.
1358 2421 1492 2501 Qui
1568 2421 1675 2486 die
1750 2422 2033 2508 quadam
2101 2443 2143 2487 a
2206 2422 2471 2510 publica
2543 2430 2750 2489 strata

655 2524 1076 2602 declinantes,
1127 2524 1324 2589 devia
1368 2544 1645 2610 quaeque
1711 2526 1943 2592 sectati
2011 2532 2182 2591 sunt.
2297 2526 2390 2591 Et
2433 2548 2577 2592 ecce
2621 2528 2751 2592 sols

650 2632 886 2692 ruente
947 2627 1088 2691 dies
1163 2627 1505 2702 clauditur,
1572 2648 1684 2692 aer
1740 2628 2161 2714 suspenditur
2228 2630 2554 2709 tenebris3
2626 2630 2750 2695 viri

654 2731 816 2816 quid
904 2735 1186 2817 agerent,
1264 2751 1394 2816 quo
1476 2729 1899 2807 diverterent,
1977 2752 2112 2796 non
2196 2733 2493 2798 occurrit.
2615 2733 2754 2798 Illis

651 2834 881 2921 itaque
946 2832 1455 2898 subsistentibus
1517 2836 1589 2896 et
1650 2833 1731 2897 de
1794 2833 1898 2897 his
1961 2855 2109 2920 quae
2172 2835 2546 2902 acciderant
2608 2857 2754 2903 con-

653 2936 1034 3018 ferentibus,
1098 2958 1264 3024 grex
1331 2937 1646 3001 iuvenum
1714 2936 1883 3001 albis
1950 2942 2223 3003 ornatus
2290 2939 2613 3026 praeteriit
2656 2941 2754 3005 in-

656 3044 934 3116 tuentes,
1013 3040 1270 3105 duobus
1345 3039 1867 3126 praecedentibus
1941 3040 2142 3105 cereis
2214 3041 2758 3107 intersecantibus

655 3143 827 3208 mira
898 3142 1040 3208 luce
1115 3142 1327 3208 noctis
1403 3142 1769 3207 obscurum.
1895 3141 2309 3227 Sequebatur
2396 3149 2758 3230 praeeuntes

654 3245 1179 3311 adlaterantibus
1223 3267 1373 3310 eum
1417 3244 1579 3309 viris
1648 3244 1914 3309 duobus·
1968 3266 2167 3310 senex
2235 3244 2504 3330 quidam
2565 3246 2762 3311 nivea.

657 3350 913 3414 caesarie
986 3347 1413 3423 venerandus,
1479 3346 1585 3411 cui
1653 3353 1722 3412 et
1795 3346 1966 3411 mira
2037 3346 2261 3412 vultus
2333 3347 2626 3414 suavitas
2694 3359 2762 3413 et

660 3453 889 3517 innata
931 3452 1222 3538 gravitas
1285 3450 1607 3516 conferret
1649 3451 1951 3536 gratiam,
1997 3455 2415 3517 venustatem
2480 3463 2758 3540 augeret.

663 3555 796 3620 Hic
840 3556 1107 3620 iuvenes
1151 3550 1531 3641 respiciens¹
1584 3554 1911 3618 modicum
1955 3554 2275 3635 substitit,
2323 3560 2406 3634 et,
2459 3564 2492 3591 “
2518 3556 2762 3638 Heus‚''

657 3659 896 3743 inquit,
977 3665 1012 3693 “
1035 3656 1094 3722 Ο
1157 3658 1301 3733 viri,
1379 3656 1650 3743 quinam
1725 3656 1883 3722 estis
1955 3676 2090 3733 voe,
2169 3661 2239 3722 et
2309 3660 2485 3724 unde
2559 3661 2762 3726 estis?

663 3760 830 3841 Quae
872 3761 1078 3844 {vobis
1143 3759 1407 3846 patria?
1469 3759 1616 3844 quis
1676 3763 1841 3824 rex?
1920 3779 2069 3845 quse
2136 3759 2288 3825 lex?
2361 3783 2510 3847 quse
2582 3784 2758 3850 perc-

659 3862 1051 3951 grinationis
1113 3866 1350 3928 vestrae
1417 3882 1612 3926 causa
1634 3861 1713 3925 2'’
1824 3861 1935 3926 Ad
2000 3884 2195 3947 quem
2263 3863 2379 3942 illi,
2453 3874 2492 3903 “
2521 3866 2758 3931 Natalv.

661 3968 875 4031 solum
918 3965 1110 4032 nobis
1152 3964 1396 4051 Anglia
1440 3970 1557 4029 est.
1669 3963 1815 4029 Rex
1858 3985 2015 4030 vero
2059 3971 2281 4031 noster
2344 3965 2585 4033 dicitur
2630 3969 2762 4034 Ed·-

663 4069 940 4135 wardus,
1064 4067 1348 4154 Legibus
1418 4066 1814 4133 Christianis
1875 4067 2123 4133 subditi
2191 4090 2429 4136 sumus.
2538 4070 2762 4138 Sacra.-

662 4174 920 4239 tissima
1026 4170 1391 4236 Dominicse
1488 4169 1809 4255 passionis
1896 4174 1968 4234 et
2052 4174 2539 4240 resurrectionis
2626 4177 2758 4242 loca

660 4274 934 4341 visitare
1008 4274 1445 4362 proponimus,
1582 4270 1712 4336 Sed
1785 4270 1980 4336 hodie
2046 4294 2198 4338 casu
2265 4276 2665 4345 divertentes
2726 4307 2758 4343 a

663 4379 869 4454 sociiS,
937 4382 1015 4441 ut
1060 4398 1292 4442 verum
1365 4375 1691 4440 fateamur
1754 4375 2245 4441 venerabilitati
2291 4385 2448 4460 tuae,
2491 4382 2758 4446 ubinam

664 4482 793 4546 loci
874 4500 1110 4556 sumus,
1205 4478 1352 4564 quis
1441 4477 1751 4563 suscipiat
1841 4477 2144 4566 hospitiO,
2236 4482 2383 4566 quis
2472 4484 2758 4549 debitam

1368 4807 1383 4838 ¹
1406 4806 1693 4873 respiciens]
1718 4820 1969 4872 respuens,
1992 4805 2105 4858 MS.
