3567 5800
291 1052 413 1119 Anelyeie

291 1120 319 1171 of
327 1120 371 1171 the
381 1116 424 1171 De

293 1185 356 1236 Situ.

455 886 528 937 xxx
906 888 1082 965 russeus.

459 1064 636 1116 mercatores
661 1061 750 1117 etiem
767 1060 875 1119 invitos
894 1080 959 1118 con·
1005 1064 1081 1122 vitoe
1093 1065 1254 1124 consistere
1265 1068 1373 1135 coguut
1403 1102 1409 1117 .
1449 1100 1457 1117 .
1496 1100 1503 1115 .

459 1144 563 1200 sistere
575 1150 716 1217 cogerent
752 1184 758 1200 .
799 1184 806 1200 .
843 1146 879 1201 de
901 1163 961 1201 une
1004 1149 1042 1205 de
1054 1167 1170 1222 queque
1181 1166 1215 1206 re
1247 1188 1254 1205 .
1294 1189 1300 1203 .
1340 1188 1347 1205 .
1374 1151 1507 1218 quaerent

459 1227 587 1283 eltereve
612 1246 644 1283 re
694 1268 700 1283 .
741 1268 747 1283 .
792 1234 961 1300 quaererent
1004 1232 1371 1303 mercetoresinoppidie.
1408 1272 1416 1287 .
1454 1270 1461 1287 .
1498 1268 1505 1285 .

461 1351 467 1366 .
554 1349 560 1366 .
601 1352 607 1365 .
645 1316 822 1369 mercatores
835 1331 961 1386 peregre
1006 1316 1204 1372 circumsistet
1250 1356 1257 1371 .
1297 1356 1303 1370 .
1344 1357 1350 1373 .
1388 1319 1503 1387 cogent.

458 1395 646 1453 advenientes
666 1396 698 1451 in
715 1396 831 1468 oppidis
849 1396 960 1469 vulgus
1005 1398 1142 1455 Bertrem
1162 1399 1215 1455 hes
1236 1400 1349 1455 eltered
1372 1417 1452 1455 some
1476 1398 1510 1453 ol

459 1478 690 1537 circumsisteret
720 1520 727 1536 .
767 1519 774 1539 .
802 1485 949 1552 cogentes.
1005 1484 1055 1539 the
1074 1489 1181 1549 tenses,
1193 1488 1245 1539 not
1263 1483 1372 1549 othere,
1386 1482 1505 1553 leaving

880 1628 889 1643 ⁸
1005 1567 1056 1623 the
1069 1566 1266 1624 construction
1278 1566 1434 1625 solecistic.

495 1680 520 1737 I.
542 1683 568 1748 3,
593 1685 607 1753 §
630 1682 674 1737 23.
716 1682 834 1739 Funere
857 1695 961 1737 corum
1041 1676 1109 1732 Teo.
1134 1674 1233 1735 Germ,
1262 1674 1307 1731 27.
1356 1674 1508 1731 Funerum

459 1770 528 1823 eunt
552 1766 709 1838 megnifice
725 1771 757 1823 et
781 1768 960 1834 sumptuose,
1006 1761 1221 1819 nulleembitio
1266 1800 1274 1820 .
1313 1798 1320 1818 .
1360 1801 1367 1817 .
1407 1800 1414 1815 .
1453 1777 1508 1817 sue

457 1851 622 1923 omniaque,
630 1848 862 1921 quaeviviscordi
870 1846 962 1905 fuisse
1006 1846 1114 1918 cuique
1134 1862 1225 1909 eume,
1245 1844 1428 1916 quorundum
1442 1843 1508 1915 igni

459 1934 647 1999 arbitrentur,
661 1935 692 1991 in
703 1934 806 2005 ignem
817 1932 959 1995 inferunt,
1007 1936 1039 1987 et
1055 1947 1149 2003 equus
1168 1928 1314 2001 erljieitur.
1338 1928 1508 1999 sepulcrum

459 2016 548 2073 etiem
573 2034 655 2073 erms
676 2022 707 2073 et
737 2015 884 2073 enimelie.
918 2031 963 2071 ee·
1006 2031 1108 2085 cespes
1121 2012 1221 2084 erigit.

458 2099 594 2170 pulcrum
610 2099 742 2157 tumulus
755 2118 787 2157 ess
798 2096 960 2169 cespitibus

458 2186 557 2259 erigit.

494 2416 519 2472 I.
542 2417 569 2483 4,
592 2418 607 2484 t
628 2417 654 2473 1.
692 2415 782 2475 Netie
793 2414 962 2472 Brittonum
1043 2408 1153 2473 Gener,
1168 2407 1203 2465 B.
1218 2406 1254 2463 G.
1268 2407 1309 2464 vi.
1324 2408 1369 2474 16,
1391 2410 1424 2477 §t
1439 2408 1465 2472 1,
1478 2407 1504 2463 2.

458 2501 516 2557 fuit
539 2501 643 2566 omnis,
669 2507 704 2557 ut
727 2500 889 2565 Gallorum,
913 2497 962 2555 ed·
1005 2492 1095 2549 Notio
1117 2498 1163 2549 est
1183 2492 1279 2548 omnis
1293 2491 1446 2549 Gellorum
1458 2491 1507 2547 ed·

458 2585 578 2642 medum
590 2584 913 2657 deditercligicnibus3
953 2622 960 2636 .
981 2627 985 2687 ι
1005 2576 1125 2635 modum
1137 2575 1238 2631 dedite
1249 2574 1464 2646 religionibus.
1497 2613 1505 2632 .

460 2711 466 2724 .
507 2711 513 2725 .
553 2708 560 2725 .
598 2669 751 2726 vovebunt.
1007 2702 1013 2717 .
1053 2701 1061 2718 .
1100 2702 1108 2717 .
1143 2666 1261 2719 vovent.

494 2791 519 2845 Ι.
534 2791 587 2858 4,§
602 2790 627 2845 2.
654 2790 702 2847 Ad
713 2790 883 2865 peregende
895 2806 960 2845 crn·
1039 2788 1117 2846 ibid.
1138 2790 1171 2859 §t
1191 2790 1217 2856 3,
1238 2788 1265 2845 5.
1302 2786 1506 2845 Administris·

459 2874 537 2932 dolie
548 2874 612 2932 haec
626 2891 718 2942 secre,
733 2874 878 2934 Druidum
898 2879 961 2932 ute·
1006 2891 1063 2948 qne
1075 2874 1113 2931 ed
1135 2892 1170 2930 oe
1190 2872 1334 2931 secrificie
1345 2872 1507 2929 Druidibus

458 2959 564 3014 bsntur
585 2960 751 3016 ministerio
762 2981 769 3026 ;
790 2978 843 3018 nec
862 2959 961 3016 crede-
1004 2964 1137 3023 utuntur,
1150 2957 1229 3030 quod
1240 2975 1295 3032 pro
1306 2955 1369 3013 vite
1380 2957 1507 3013 bominis

457 3043 528 3099 bent
550 3043 661 3114 pleceri
691 3061 777 3115 posse
802 3044 879 3100 Deos
903 3043 961 3099 nisi
1004 3041 1064 3099 niei
1074 3040 1201 3098 hominis
1213 3041 1275 3098 rite
1285 3039 1437 3106 reddetur,
1450 3058 1508 3096 non

458 3126 583 3184 hominis
613 3128 707 3185 cedes
737 3129 864 3186 humano
897 3146 961 3185 sen·
1004 3143 1090 3197 posse
1138 3125 1261 3180 deorum
1296 3122 1508 3179 immortelium

458 3210 548 3284 guine
572 3217 754 3283 pensaretur.
780 3211 848 3268 hinc
878 3211 961 3268 insti·
1005 3205 1508 3280 nnmenplecerierbitrentuupub-

458 3299 523 3352 tute
546 3295 662 3368 publice
681 3295 847 3354 istiusmodi
871 3295 961 3352 secri-
1004 3292 1118 3365 llceque
1131 3289 1509 3362 eiusdemgenerishsbent

458 3380 534 3442 ficis,
554 3379 720 3452 oblataque,
741 3387 776 3436 nt
791 3380 962 3452 gratissime
1005 3379 1142 3436 institute
1154 3376 1298 3435 secrificie
1311 3415 1505 3436 .....

459 3461 525 3522 Diis
537 3463 642 3527 hostie,
656 3465 708 3534 qui
727 3461 858 3530 insurto,
872 3463 961 3518 letro·
1006 3462 1151 3535 supplicis
1174 3478 1277 3518 eorum
1298 3460 1350 3532 qui
1373 3461 1405 3516 in
1428 3461 1508 3518 furto

460 3545 546 3609 cinio,
579 3545 674 3602 elieve
715 3546 847 3617 graviori
873 3546 962 3618 culpe
1004 3551 1057 3600 eut
1086 3547 1117 3600 in
1145 3543 1298 3600 latrocinio
1328 3550 1381 3600 eut
1409 3543 1509 3618 eliqua

459 3627 644 3699 deprehensi,
666 3627 712 3684 hie
733 3625 804 3686 vert
825 3628 961 3686 deficien·
1004 3647 1080 3687 noxe
1098 3629 1160 3686 sint
1177 3629 1363 3702 deprehensi,
1378 3630 1509 3702 gratiore

457 3710 547 3776 tibus,
564 3709 602 3768 ed
620 3710 820 3769 innocentium
844 3730 961 3786 quoque
1005 3713 1050 3770 die
1080 3713 1295 3771 immortalibus
1331 3731 1397 3771 esse
1432 3713 1509 3770 erbi-

457 3795 663 3856 meotetionem
687 3795 910 3862 descendebant,
928 3802 962 3854 ut
1004 3801 1129 3853 trentur.
1145 3797 1198 3853 sed
1210 3816 1302 3869 quum
1314 3797 1378 3854 eius
1391 3797 1507 3869 generis

458 3897 632 3951 quocunque
656 3880 775 3937 demum
799 3881 885 3938 modo
910 3879 961 3937 Dii
1005 3881 1089 3953 copie
1101 3879 1208 3948 delicit,
1221 3881 1507 3939 etiemedinnocen-

459 3963 656 4038 placarentur.
1004 3965 1080 4025 tium
1092 3965 1238 4041 supplicis
1249 3965 1438 4024 descendunt.

494 4085 520 4142 Ι.
547 4087 574 4155 4,
600 4089 615 4156 t
641 4089 668 4146 3.
720 4085 789 4146 Nisi
814 4087 963 4146 edfuedm
1040 4089 1119 4148 Ibe'd.
1134 4091 1189 4160 §4-
1227 4089 1279 4146 llli
1296 4089 1385 4146 rebus
1397 4088 1508 4147 divinis

460 4167 598 4234 Druides,
624 4185 673 4224 ree
698 4185 781 4226 secra
804 4169 862 4226 rite
886 4171 962 4228 cele·
1005 4173 1161 4241 intersunt,
1179 4173 1323 4230 seoridcie
1340 4173 1459 4245 publice
1478 4178 1510 4230 et

458 4250 538 4306 breri
579 4269 639 4309 nen
677 4253 860 4310 credebetur.
892 4255 962 4311 hinc
1005 4258 1122 4330 prirete
1149 4263 1316 4329 procurent,
1347 4257 1507 4328 religiones

457 4335 577 4407 publice
596 4353 655 4392 non
673 4337 770 4394 minus
795 4355 883 4411 quem
901 4339 962 4411 pri·
1004 4342 1245 4412 interpretentur.
1296 4340 1428 4398 Observe
1458 4341 1509 4400 the

457 4421 800 4490 retssecrepreourendi
809 4423 962 4494 negotium
1004 4422 1506 4481 moderncestofBertrem'sIetin.

457 4499 518 4557 illie
555 4500 639 4558 unice
669 4503 864 4562 incumbebet.
897 4513 961 4564 eret

457 4601 547 4658 penes
559 4583 625 4642 hoc¹
639 4584 706 4656 [cic]
715 4588 870 4660 religionis
878 4607 958 4656 oure,

711 4784 720 4820 ¹
737 4786 785 4840 Dr.
797 4787 867 4842 Giles
878 4789 925 4842 hee
937 4791 1066 4845 corrected
1076 4791 1126 4845 etis
1136 4791 1190 4846 into
1201 4791 1251 4846 loc.
