3567 5800
421 825 467 873 ns
489 824 605 873 ossus
627 823 747 874 moun
761 807 1027 872 suor.-111.29.
1192 803 1251 865 151

207 1011 288 1076 novi
311 1011 438 1076 domini
459 1011 602 1098 gratiam
624 1010 866 1076 mercabantur.
911 1009 958 1074 Et
979 1011 1067 1074 certe
1090 1007 1193 1072 cecidi
1215 1007 1257 1071 ab

207 1113 302 1179 hoste
325 1114 482 1179 titulatur
503 1114 651 1191 fortunae,
679 1114 774 1200 prodi
797 1137 818 1178 a
839 1112 912 1178 cive
936 1111 1079 1177 adicitur
1104 1110 1255 1197 ignaviae.

208 1214 246 1280 Si
267 1217 312 1280 ad
334 1217 485 1282 nationes
507 1218 589 1282 alias
603 1217 717 1303 fugere
732 1215 939 1281 commodum
955 1213 1125 1291 duxeritis,
1141 1213 1257 1299 gloriae

208 1323 331 1384 nostrae
354 1319 560 1406 dispendium
583 1321 666 1397 erit3
691 1319 779 1384 eiad
801 1323 899 1384 notos
921 1323 956 1383 et
978 1317 1099 1395 affines,
1115 1315 1258 1380 arbitror

208 1421 433 1502 metuendum,
456 1445 499 1487 ne
521 1445 595 1488 cum
617 1422 750 1487 fortuna
773 1421 883 1487 colant
905 1421 1059 1486 animum.
1106 1418 1259 1504 Plerique

209 1525 298 1589 enim
321 1525 415 1611 probi
437 1530 472 1590 et
492 1525 638 1590 illustres
672 1525 739 1589 viri
772 1525 833 1590 hac
864 1524 1032 1590 occasione
1063 1523 1137 1589 caesi
1172 1526 1257 1588 sunt.

209 1627 373 1714 Experiar
395 1628 484 1692 enim
514 1629 663 1693 animum
694 1627 827 1693 Ricardi
859 1628 893 1692 N
895 1649 1127 1700 ermannorum
1160 1626 1259 1704 ducis,

209 1731 236 1795 si
258 1731 303 1796 ad
323 1734 386 1797 hoc
403 1732 609 1818 praebueritis
630 1753 804 1798 assensum
852 1731 919 1812 Qui
941 1732 969 1796 si
992 1751 1133 1798 sororem
1156 1751 1258 1806 suam,

208 1833 381 1922 coniugem
395 1835 519 1900 scilicet
533 1857 648 1912 meam,
664 1839 699 1900 et
714 1835 800 1901 filios
815 1839 944 1900 nostros
958 1839 1053 1922 grato
1077 1832 1258 1919 susceperit

209 1936 332 2016 animo,
347 1959 440 2024 spero
462 1959 592 2024 quoque
613 1937 702 2024 quod
725 1960 778 2003 me
800 1942 881 2002 tunc
911 1958 980 2002 non
995 1942 1208 2023 aspernenter
1224 1935 1260 1998 in

209 2041 364 2124 praesenti
386 2040 580 2106 necessitate
601 2041 794 2127 acceptabit.
852 2040 962 2105 Favor
992 2041 1159 2126 impensus
1185 2059 1260 2104 con-

208 2141 279 2228 iugi
301 2165 384 2208 meae
406 2148 441 2208 et
461 2143 573 2208 liberis
598 2165 690 2229 spem
719 2143 803 2207 mihi
829 2142 947 2208 salutis
978 2142 1142 2208 conferret
1164 2140 1260 2205 indu·

210 2242 375 2309 bitatam.¹
422 2244 459 2310 Si
481 2267 559 2310 vero
581 2247 637 2311 ille
666 2246 703 2310 in
732 2245 801 2311 ista
829 2245 1022 2311 necessitate
1055 2245 1152 2312 dictae
1185 2265 1260 2308 con-

211 2346 282 2433 iugi
303 2369 386 2413 mese
406 2369 445 2413 ae
465 2347 544 2413 filiis
566 2349 648 2414 meis
669 2349 816 2413 favorem
831 2347 1021 2435 impendere
1042 2347 1261 2425 recusaverit;

208 2449 341 2514 animus
362 2450 445 2514 mihi
466 2451 562 2537 plane
583 2473 651 2516 non
673 2449 889 2538 deerit,[quin
912 2451 1026 2516 malim
1047 2450 1102 2516 hic
1124 2449 1263 2538 gloriose

213 2554 409 2631 occumbere,
435 2576 533 2640 quam
554 2554 622 2619 illic
651 2554 764 2619 vivere
792 2553 1037 2640 ignominiose.”
1082 2553 1172 2618 Dum
1203 2574 1262 2617 rex

212 2657 398 2743 Anglorum
421 2656 619 2722 Ethelredus
640 2657 677 2720 in
699 2655 874 2743 praesentia
901 2657 1125 2744 episcoporum
1149 2655 1262 2721 stab

213 2759 329 2825 batum
363 2760 421 2846 qui
442 2759 615 2847 adipsum
637 2760 674 2824 in
695 2761 838 2824 insulam
867 2760 1005 2826 Vectem
1035 2763 1261 2825 convenerunt

213 2862 283 2929 brec
306 2867 341 2929 et
369 2862 422 2929 his
443 2863 565 2929 similia
593 2862 710 2928 fuisset
723 2867 923 2950 prosecutus,
954 2863 1034 2929 dicti
1060 2862 1189 2950 praelati
1212 2883 1261 2927 re-

213 2968 277 3052 giae
299 2965 470 3031 voluntati
492 2988 588 3031 suum
617 2966 833 3052 praebuerrmt
866 2988 1041 3032 assensum.
1103 2963 1261 3045 Quocirca
1274 2986 1361 3047 Queen

213 3075 413 3135 memoratus
434 3091 494 3135 rex
514 3068 711 3135 Ethelredus
733 3092 871 3135 uxorem
892 3090 987 3135 suam
1011 3068 1160 3155 reginam
1183 3050 1424 3169 blm-hllffisffnd

214 3196 303 3239 mam
323 3174 360 3238 in
382 3173 622 3238 Normanniam
644 3172 688 3238 ad
709 3173 827 3237 ducem
849 3172 1028 3239 Ricardum
1054 3171 1190 3236 fratrem
1211 3192 1261 3235 re·
1273 3187 1401 3303 fflpgp

1274 3320 1377 3383 mandy.

215 3278 302 3364 ginae
328 3298 403 3342 cum
432 3276 509 3340 filiis
547 3276 616 3341 suis
653 3275 786 3341 Elfredo
818 3280 853 3341 et
884 3275 1050 3341 Edwardo
1084 3278 1118 3339 et
1149 3295 1261 3339 eorum

216 3382 382 3468 magistris
403 3378 559 3447 Alchimo
579 3379 796 3445 Dunelmensi
819 3380 968 3467 episcopo
983 3384 1018 3445 et
1032 3379 1153 3445 abbate
1170 3378 1261 3444 Med·

217 3484 434 3549 meshamensi
455 3482 561 3548 Alfsio
582 3482 737 3569 dirigens,
768 3505 843 3549 cum
873 3483 998 3548 honore
1020 3487 1055 3547 et
1076 3482 1264 3549 reverentia

217 3589 257 3651 ab
279 3588 350 3673 ipso
372 3586 455 3651 duce
470 3590 549 3651 sunt
570 3586 698 3673 recepti
745 3585 1263 3673 Eadricus‚quasi1·egisEthel-

216 3690 285 3754 redi
308 3688 576 3775 consanguineus,
600 3710 675 3754 cum
705 3689 868 3755 militibus
899 3690 1020 3777 septies
1041 3690 1164 3776 viginti
1187 3713 1261 3757 cum

217 3792 331 3880 regina
351 3797 391 3857 ut
413 3797 522 3859 custos
544 3792 616 3858 eius
637 3792 886 3858 transfretavit:
911 3792 970 3859 ubi
992 3814 1066 3858 eum
1088 3792 1162 3879 ipsa
1184 3794 1263 3858 duo-

218 3896 278 3963 bus
306 3896 404 3962 annis
436 3895 588 3973 residens,
612 3895 644 3961 ei
672 3897 844 3983 magnifice
875 3896 1088 3961 ministravit.
1145 3897 1264 3981 Sisque

218 4000 282 4066 illis
303 4022 416 4065 mense
439 3999 585 4086 Augusti
607 4020 697 4064 mare
713 4000 970 4077 transeuntibus,
985 4021 1046 4064 rex
1069 3998 1263 4064 Ethelredus

218 4126 290 4168 cum
311 4102 412 4169 classe
433 4124 493 4166 sna
514 4100 673 4167 ininsula
687 4102 792 4167 Vecta
813 4103 936 4167 mansit
953 4123 1054 4187 usque
1076 4100 1119 4165 ad
1143 4100 1264 4167 Netale

219 4206 360 4283 Domini,
388 4206 416 4271 si
446 4204 535 4269 bona
564 4204 605 4268 de
638 4205 685 4271 eis
716 4206 836 4270 nuntia
868 4205 1020 4283 audierit,
1048 4204 1197 4291 reginam
1230 4209 1262 4270 11

220 4309 301 4375 filios
338 4307 496 4375 continuo
526 4313 702 4373 secuturus
759 4308 859 4374 Unde
908 4330 986 4373 mox
1027 4313 1066 4373 ut
1099 4330 1120 4372 a
1157 4308 1262 4393 parti·
1277 4322 1347 4371 will.

219 4412 279 4478 bus
300 4411 530 4478 transmarinis
552 4411 685 4477 audivit
708 4410 886 4476 Ricardum
909 4412 1024 4477 ducem
1048 4411 1263 4477 Normanniae
1276 4386 1402 4521 2¹1³}ssst

223 4630 357 4638 --.-..
382 4630 468 4637 -u—u.
479 4631 562 4637 --..--
571 4629 645 4636 —-·
1035 4627 1071 4633 ..m
1083 4626 1264 4635 --..—.—..

484 4756 492 4786 ¹
510 4754 684 4822 indubitatam]
703 4755 852 4817 indubitum,
864 4752 920 4805 MS.
