3567 5800
466 881 511 946 3⁰
726 897 795 948 arc.
818 897 865 950 nr
886 893 1020 950 omaro
1043 893 1131 947 erro.
1155 893 1245 948 meu.

466 1103 565 1169 quam
594 1082 683 1150 enim
711 1088 848 1163 constat,
871 1083 960 1172 quod
982 1084 1045 1152 ists
1069 1084 1223 1150 Alfredns
1249 1083 1318 1149 sive
1347 1077 1512 1148 Alursdue

466 1184 533 1251 fuit
554 1207 575 1252 a
596 1185 685 1252 dicto
707 1209 793 1276 papa
813 1193 987 1255 coronatus
1009 1191 1044 1254 et
1065 1193 1185 1255 unctus
1205 1188 1243 1254 in
1264 1206 1383 1272 regem,
1398 1181 1513 1250 verisi-

466 1287 544 1354 mile
565 1294 624 1369 est,
646 1290 748 1357 immo
769 1292 995 1374 necessarium,
1017 1292 1104 1377 quod
1127 1312 1289 1370 coronam,
1304 1289 1511 1368 vestimenta,

440 1398 501 1458 ·et
536 1393 603 1458 alia
632 1395 756 1482 regalia
783 1395 927 1484 insignia
962 1395 1092 1474 habuit,
1114 1394 1151 1460 in
1177 1394 1296 1482 quibus
1317 1415 1338 1458 a
1363 1393 1511 1458 Romano

465 1496 620 1584 pontifice
656 1503 790 1564 tantum
826 1503 863 1563 et
899 1503 969 1564 tam
999 1498 1154 1566 sollemne
1184 1501 1370 1585 susceperat
1406 1515 1511 1560 sacra

466 1605 623 1666 mentum
683 1601 843 1685 Secundo,
878 1601 1055 1668 verisimile
1088 1605 1146 1680 est,
1177 1598 1265 1688 quod
1294 1599 1352 1664 illa
1387 1597 1512 1685 regalia

466 1723 566 1789 penes
595 1725 630 1770 se
658 1705 800 1770 retinuit
828 1709 863 1770 ct
891 1705 951 1770 illa
979 1727 1039 1772 nec
1069 1705 1191 1771 exteris
1220 1725 1280 1769 nec
1320 1700 1511 1788 alienigenis

467 1805 682 1892 relinquebat
727 1807 845 1874 Solent
866 1808 955 1873 enim
979 1829 1092 1874 omnes
1114 1828 1327 1895 quaecunque,
1353 1827 1412 1894 per
1438 1825 1513 1891 qum

466 1909 605 1975 honores
652 1911 843 1998 suscipiunt,
890 1911 927 1976 in
973 1911 1106 1978 honoris
1151 1910 1342 1977 memoriam
1387 1907 1514 1974 diutius

467 2034 668 2081 conservare.
715 2014 771 2081 Sic
799 2015 887 2080 enim
918 2015 1085 2102 coniugati
1126 2015 1240 2080 anulos
1277 2011 1441 2100 nuptiales
1477 2011 1514 2076 in

403 2119 409 2134 '
468 2116 599 2204 signum
620 2119 780 2184 contracti
802 2118 935 2184 loederis
957 2119 1020 2184 sibi
1042 2123 1197 2198 servant3
1220 2117 1266 2182 sic
1288 2117 1377 2182 enim
1391 2115 1515 2180 milites

468 2241 568 2299 arma,
599 2221 719 2305 quibus
748 2220 858 2286 hostes
887 2220 1031 2286 viriliter
1060 2219 1277 2300 debellanmt,
1308 2219 1345 2285 in
1378 2218 1514 2286 arirtutis

468 2323 667 2411 praeconium
696 2328 732 2389 ct
759 2323 894 2390 honoris
924 2325 1062 2390 titulum
1095 2323 1300 2390 diversorum
1330 2322 1514 2411 aspectibus

469 2430 712 2513 repraesentant
773 2427 907 2508 Quanto
945 2427 1050 2516 magis
1087 2449 1148 2494 rex
1185 2428 1249 2493 iste
1291 2426 1350 2492 illa
1393 2424 1515 2513 regalia

469 2551 545 2595 cara
577 2531 726 2596 custodia
756 2531 923 2612 retineret,
948 2553 1006 2618 per
1029 2553 1104 2618 quae
1133 2530 1170 2595 in
1197 2531 1268 2595 loco
1292 2535 1361 2595 tam
1388 2527 1514 2606 celebri,

469 2632 505 2697 id
540 2637 592 2698 eet
631 2632 753 2714 Romae,
799 2637 835 2699 et
874 2655 1012 2720 persona
1052 2637 1122 2699 tam
1161 2633 1346 2711 excellente,
1385 2632 1420 2697 id
1465 2635 1517 2696 est

469 2757 563 2822 papa,
594 2735 717 2822 regiam
749 2735 896 2802 induerit
934 2737 1139 2823 dignitatem,
1176 2757 1250 2823 quae
1282 2737 1371 2801 inter
1404 2754 1517 2800 omnes

470 2844 506 2906 et
541 2861 640 2927 supra
676 2861 789 2906 omnes
822 2839 919 2905 huius
962 2841 1079 2905 mundi
1117 2839 1262 2922 divitias,
1301 2838 1442 2919 deliciae,
1480 2841 1517 2904 et

470 2944 609 3008 honores
633 2944 911 3031 supereminenter
934 2944 970 3008 in
995 2942 1136 3009 culmine
1159 2943 1280 3009 residet
1306 2942 1517 3030 principatus.

472 3047 593 3125 Tertio,
618 3046 793 3112 verisimile
819 3054 877 3127 est,
902 3046 999 3133 quod,
1022 3046 1107 3112 sicut
1133 3046 1176 3111 ab
1198 3046 1265 3111 isto
1287 3046 1421 3111 Alfiedo
1445 3045 1517 3111 sive

471 3150 617 3216 Aluredo
646 3149 859 3237 personaliter
885 3153 920 3215 et
944 3149 1148 3236 originaliter
1173 3148 1304 3235 Angliae
1331 3149 1520 3215 monarchia

471 3254 508 3318 in
532 3276 606 3319 suos
631 3259 777 3341 posteros
802 3253 978 3333 emanavit,
1006 3252 1057 3317 ita
1080 3252 1189 3318 voluit
1209 3258 1309 3339 atque
1333 3253 1385 3317 ita
1408 3252 1520 3318 decuit

472 3360 513 3421 ut
540 3357 613 3443 ipsa
641 3356 767 3442 regalia
802 3377 877 3421 suos
914 3360 1060 3442 posteros
1095 3354 1295 3436 deaurarent,
1326 3355 1363 3420 in
1397 3332 1519 3443 quilrus

472 3459 542 3545 ipse
571 3463 790 3546 assumpserat
818 3479 887 3524 suae
922 3458 1022 3523 initia
1058 3456 1241 3545 dignitatis.
1303 3457 1393 3525 Huic
1429 3460 1519 3525 enim

472 3562 649 3627 concordat
693 3560 874 3626 communis
919 3561 1037 3648 opinio.
1106 3560 1195 3627 Nam
1232 3562 1352 3649 vulgus
1388 3562 1518 3641 clamat,

473 3663 561 3750 quod
585 3664 709 3751 regalia
738 3663 835 3728 huius
865 3665 957 3750 regni
983 3663 1116 3729 fuerunt
1142 3686 1163 3728 a
1187 3664 1336 3730 Romano
1364 3665 1520 3752 pontifice

473 3771 665 3833 consecrate
712 3764 778 3830 Sed
798 3765 917 3831 nullibi
947 3767 987 3832 de
1016 3766 1081 3830 isto
1112 3767 1236 3831 mentio
1258 3768 1430 3853 reperitur,
1457 3790 1519 3835 nec

473 3870 614 3935 habetur
642 3868 810 3935 evidentia
847 3868 1004 3955 aliqualisr,
1037 3868 1065 3933 si
1102 3890 1171 3934 non
1207 3873 1352 3957 tempore
1390 3870 1521 3937 Alfredi

473 3973 544 4040 sive
562 3972 702 4038 Aluredi
722 3972 836 4038 Romae
856 3992 879 4036 a
892 3972 1000 4037 Leone
1021 3992 1107 4059 papa
1128 3971 1215 4037 facta
1234 3970 1343 4039 fuerat
1362 3973 1428 4040 ista
1443 3996 1519 4040 oon-

473 4076 618 4144 secratio.
662 4075 770 4156 Quare
784 4074 926 4154 videtur,
939 4074 1027 4160 quod
1042 4079 1154 4140 vestra
1173 4075 1298 4162 regalia
1312 4075 1410 4143 huius
1424 4080 1520 4166 regni

475 4176 610 4242 fuerunt
633 4174 700 4255 illu,
725 4176 761 4239 in
791 4174 910 4260 quibus
933 4173 1087 4239 Alfredus
1117 4174 1187 4239 sive
1214 4174 1379 4241 Aduredus
1403 4174 1521 4245 Roma

476 4280 585 4345 fuerat
613 4283 795 4343 coronatus.
857 4276 904 4341 Et
936 4280 1018 4341 tunc
1057 4276 1100 4341 ad
1136 4277 1278 4363 primam
1324 4280 1521 4347 instantiam

476 4380 699 4469 respondetur,
738 4379 826 4467 quod
863 4380 1014 4465 quamvis
1052 4379 1207 4445 Alfredus
1244 4380 1314 4446 sive
1354 4380 1524 4449 Almedus

477 4492 623 4570 tempore
652 4481 871 4549 coronationis
901 4502 968 4547 suae
994 4503 1060 4547 non
1085 4481 1151 4548 fuit
1175 4484 1352 4549 monarcha
1375 4508 1436 4551 nee
1462 4486 1524 4554 diu

479 4590 613 4675 postea3
650 4606 717 4651 non
745 4586 854 4650 minus
883 4589 995 4649 tamen
1021 4584 1079 4649 illa
1101 4585 1233 4673 regalia,
1261 4588 1381 4673 quibus
1404 4586 1525 4657 Romae

480 4692 588 4755 iuerat
609 4694 792 4767 coronatus,
807 4693 945 4775 possunt
967 4686 1063 4753 modo
1086 4688 1151 4753 dici
1165 4688 1289 4776 regalia
1304 4690 1407 4755 totius
1421 4694 1525 4779 regni.

481 4793 576 4874 Quia,
599 4799 639 4858 ut
663 4798 828 4859 testantur
852 4794 1021 4875 chremem,
1046 4796 1158 4859 omnia
1182 4816 1282 4882 regna
1312 4796 1528 4884 particularia
