3567 5800
513 865 558 937 70
770 880 838 932 erc.
862 881 910 930 nn
931 877 1064 932 ornnem
1087 879 1177 932 seno.
1200 881 1288 934 mer.

346 1072 447 1124 Ποίω-
515 1067 547 1134 ei
583 1065 716 1135 nomine
752 1069 924 1158 vectigalia
962 1069 1136 1137 annuatim
1172 1069 1295 1158 viginti
1338 1070 1450 1138 librae
1483 1070 1564 1152 euri,

347 1156 481 1260 ffissm
515 1177 679 1239 trecentae
715 1173 851 1260 argenti,
897 1175 1086 1261 penderent,
1124 1174 1227 1242 boves
1259 1175 1383 1264 viginti
1420 1175 1566 1262 quinque

346 1274 429 1325 N⁰ffl1
515 1275 607 1342 milia
639 1282 917 1358 annumerarent3
949 1283 1110 1365 praeterea
1136 1283 1219 1364 quot
1240 1277 1359 1345 liberet
1381 1299 1484 1356 cenes,
1508 1279 1567 1365 qui

346 1341 441 1395 Μ’
513 1377 675 1445 odorifera
702 1401 783 1445 nure
811 1379 950 1469 apelaea¹
981 1385 1016 1446 et
1055 1380 1250 1446 diverticulo
1279 1381 1423 1448 ferarum
1453 1380 1566 1468 depre-

511 1481 703 1563 henderent,
725 1482 945 1569 rolucresque,
979 1505 1054 1568 quae
1091 1483 1232 1550 alierum
1268 1483 1382 1550 evium
1417 1484 1564 1571 predam

511 1607 571 1673 per
590 1584 690 1650 inane
712 1585 828 1651 veneri
856 1585 1013 1651 nossent!⁸
1066 1586 1149 1654 Inde
1179 1586 1342 1673 digressus
1363 1587 1399 1652 in
1421 1586 1566 1652 occiden-

511 1687 595 1754 telae
624 1686 792 1754 Brittones
813 1709 848 1753 ee
869 1689 1045 1770 convertit,
1073 1689 1131 1776 qui
1154 1687 1424 1756 Oornuwaleneee
1445 1709 1564 1754 vocen-

510 1795 577 1872 tur,
608 1789 697 1876 quod
729 1790 766 1856 in
799 1790 966 1856 occidente
1001 1790 1201 1857 Brittannioe
1227 1790 1285 1857 siti
1314 1811 1416 1857 cornu
1445 1789 1563 1857 Galliae

511 1914 554 1958 ex
586 1891 720 1978 obliquo
753 1891 936 1979 respiciant
982 1893 1064 1959 Illoe
1096 1914 1224 1980 quoque
1253 1893 1392 1981 inpigre
1417 1893 1563 1973 adorans,

509 1994 554 2060 ab
587 1995 755 2075 Exeeetrc,
787 2016 887 2081 quam
918 1993 1018 2060 adid
1040 1997 1199 2082 temporie
1220 2017 1316 2082 aequo
1341 2017 1415 2061 eum
1445 1995 1564 2082 Anglie

509 2097 582 2163 inre
613 2096 852 2178 inhabitarunt,
885 2098 999 2163 cedere
1028 2097 1197 2184 compulit,
1228 2097 1407 2164 terminum
1429 2099 1563 2184 provin·

511 2200 571 2266 ciue
608 2221 677 2266 auae
718 2200 802 2266 citra
838 2200 1015 2265 Tambrem
1053 2199 1193 2266 fluvium
1235 2189 1434 2281 construens,
1478 2199 1562 2267 sicut

511 2300 751 2388 aquilonalibus
781 2301 968 2368 Brittannis
989 2325 1121 2369 emnem
1150 2302 1281 2370 Walam
1302 2303 1444 2370 limitem
1467 2325 1562 2390 posu-

343 2404 590 2522 gxeertgrmmerat
636 2403 765 2470 Urbem
795 2405 900 2492 igitur
930 2405 1029 2483 illam,
1063 2427 1163 2493 quam
1194 2405 1425 2472 contaminata
1456 2405 1563 2492 gentio

437 2508 444 2521 '
509 2508 663 2596 repurgio
685 2508 910 2589 defaecaverat,
934 2509 1082 2575 turribus
1103 2509 1256 2586 munivit,
1280 2529 1375 2575 muro
1397 2529 1440 2574 ex
1462 2507 1563 2595 qued·

509 2610 555 2675 rie
587 2609 753 2696 lapidibus
782 2609 896 2676 cinxit
943 2611 989 2677 Et
1018 2612 1096 2677 licet
1124 2610 1230 2677 solum
1253 2609 1337 2676 illud
1358 2611 1505 2676 ieiunum
1527 2614 1562 2676 et

509 2712 696 2798 squalidum
725 2711 786 2779 vix
814 2712 942 2778 aterilee
969 2734 1090 2780 avenae
1113 2719 1147 2780 et
1168 2713 1362 2801 plerumque
1382 2710 1561 2778 folliculum

508 2814 641 2880 inanem
663 2814 735 2880 eine
756 2835 860 2903 grene
881 2815 1049 2903 producet,
1075 2820 1148 2882 tum
1175 2837 1234 2903 pro
1267 2815 1415 2882 civitatis
1435 2814 1562 2905 magni-

509 2917 642 2984 ficentia
663 2923 699 2983 et
720 2917 901 2984 incolarum
925 2920 1105 3007 opulentia,
1127 2918 1322 2985 tumetium
1342 2938 1562 2985 convenarum

508 3019 701 3107 frequentia,
727 3041 823 3086 omne
844 3020 893 3086 ibi
915 3020 1065 3087 abundet
1098 3022 1348 3089 mercimonium
1360 3046 1370 3102 ;
1403 3026 1444 3087 ut
1477 3022 1562 3087 nihil

395 3142 399 3148 ’
507 3124 631 3189 uinea
664 3122 833 3200 decideres,
868 3124 958 3211 quod
987 3123 1133 3190 humano
1154 3125 1230 3190 ueni
1252 3123 1456 3191 conducibile
1478 3124 1564 3191 exie·

507 3225 613 3292 timeo
660 3225 806 3291 leima
839 3226 910 3292 eine
943 3226 1087 3313 insignia
1118 3231 1188 3293 tem
1210 3228 1247 3292 in
1268 3227 1350 3293 urbe
1373 3226 1439 3308 illa,
1464 3248 1563 3313 quam

508 3328 545 3393 in
566 3327 712 3393 finitimo
732 3327 877 3415 regione,
899 3328 1073 3408 visuntur3
1095 3350 1169 3415 quae
1191 3327 1309 3395 melius
1331 3329 1562 3417 indigenarum

509 3450 564 3496 cre
587 3450 687 3515 quam
713 3435 828 3496 nostro
858 3430 937 3496 otilo
967 3430 1172 3519 pingentur.³
1227 3431 1366 3518 Propter
1395 3432 1466 3499 haec
1491 3435 1566 3498 tote

510 3532 644 3620 Europa
679 3532 792 3600 laudea
829 3532 901 3599 ciue
944 3533 1155 3620 praedicebat,
1192 3534 1333 3601 virtutes
1369 3534 1406 3600 in
1443 3533 1563 3601 coelum

508 3632 643 3701 ferebat.

341 3981 414 4033 wel
510 3958 766 4028 commuue.
813 3957 913 4042 Quod
934 3980 1027 4047 rapae
1048 3958 1254 4047 chentpcece
1282 3956 1461 4027 miciliae
1482 3978 1566 4028 mem

339 4046 465 4179 2¹5²&st
747 4082 823 4149 repe
845 4060 1056 4130 AEthelctcoc
1078 4068 1330 4130 contravenerit.

340 4276 496 4357 nigrorelgn
553 4266 750 4333 anrnnnn
785 4286 878 4353 reges
917 4264 1112 4351 alienigene
1149 4284 1183 4330 ee
1220 4266 1329 4335 felices
1366 4288 1434 4334 non
1476 4268 1564 4337 falec

340 4344 419 4399 ’ΠΜ
508 4369 681 4457 putabant,
705 4369 810 4435 nivel
831 4366 994 4434 affinitate
1014 4367 1070 4434 vel
1092 4368 1283 4437 muneribus
1305 4371 1376 4438 ciue
1397 4370 1565 4442 amicitiae

508 4477 739 4540 mercarentur.

867 4675 985 4684 --—-—-—

506 4770 799 4857 ‚mmmmm
838 4786 1153 4857 ’moanoecentMS-
1193 4789 1561 4859 ’remoratum
1694 4744 1698 4750 Ι
1752 4804 1753 4891 ξ
