3567 5800
823 871 887 921 1³10.
912 872 960 921 DE
981 872 1112 922 cmnne
1135 874 1222 925 SPDO.
1246 875 1331 928 ms‘r.

385 1530 484 1595 Grylin.
553 1510 662 1554 ensem
695 1490 895 1578 depopulans
929 1493 1132 1577 provinciam
1161 1494 1283 1559 multos
1304 1494 1483 1560 rebellantes
1507 1512 1565 1579 pro

384 1598 499 1675 ringor·
553 1591 711 1657 vinoioles
742 1593 912 1659 interfecit.
968 1592 1040 1659 Neo
1072 1596 1179 1660 multo
1206 1600 1281 1681 post
1302 1606 1410 1661 eomes
1432 1594 1564 1660 Huroldus

382 1663 542 1780 33¹3}ss
552 1699 588 1759 et
618 1694 722 1761 frater
759 1697 829 1761 eius
862 1696 1051 1763 Leofwinus
1087 1697 1130 1761 ab
1164 1696 1329 1764 Hibernia
1358 1700 1508 1764 venientes
1536 1697 1564 1759 in

384 1796 514 1847 seruante.
552 1796 783 1863 westsaxonia
805 1800 927 1863 multas
948 1804 1130 1885 rapuerunt
1153 1801 1288 1885 prades,
1319 1800 1500 1887 quibusdem
1516 1798 1562 1863 ob·

382 1886 529 2005 {effi}
551 1900 717 1965 senuna
738 1901 924 1967 ineamus
971 1901 1156 1967 dodanus
1171 1924 1251 1968 vero
1272 1903 1309 1967 in
1325 1903 1449 1982 canus
1469 1900 1562 1967 sonu

384 2022 485 2072 munis
551 2003 642 2067 sexia
663 2008 698 2069 et
720 2001 908 2090 regionibus
940 2003 1006 2068 illis
1036 2004 1209 2091 piretieam
1243 2027 1343 2092 egens
1375 2006 1514 2092 rupium,
1532 2002 1565 2065 sd

382 2102 448 2139 ⁸⁰¹¹*
550 2104 688 2171 Vestam
710 2106 851 2171 insulam
874 2106 1010 2171 taudem
1043 2108 1206 2191 pervenit.
1252 2106 1321 2173 Ubi
1343 2106 1407 2171 filii
1421 2104 1494 2194 §eius
1512 2103 1564 2168 Ha

549 2207 660 2273 roldus
704 2212 739 2273 et
773 2206 962 2273 leofwinus
998 2209 1170 2274 venientes
1209 2209 1252 2273 ad
1288 2231 1373 2285 eum,
1418 2206 1563 2274 studiosius
1681 2196 1687 2211 ’

549 2309 830 2388 machinabantur,
854 2315 894 2375 ut
915 2332 950 2375 se
972 2310 1009 2374 in
1030 2332 1140 2397 regem
1159 2310 1360 2376 Edwardum
1383 2311 1563 2377 vindicarent

548 2412 771 2477 Attraxerunt
802 2434 879 2499 ergo
902 2413 939 2477 in
961 2413 1106 2478 favorem
1128 2414 1180 2477 sui
1205 2414 1420 2500 provinciales
1446 2414 1564 2477 innume

548 2536 601 2579 ros
624 2518 658 2579 et
680 2514 769 2579 viros
791 2515 974 2592 bellatores,
998 2521 1033 2580 et
1054 2517 1208 2581 universo
1230 2516 1379 2583 exercitu
1400 2525 1563 2603 congregato

548 2618 583 2681 in
632 2616 685 2681 die
724 2616 947 2683 Exaltationis
985 2618 1117 2684 Sanotae
1155 2618 1267 2684 Crucis
1310 2620 1444 2684 classem
1476 2638 1563 2682 versos

547 2720 663 2783 urbem
680 2718 943 2784 .Londoniarum
974 2720 1161 2806 dirigentes,
1193 2722 1237 2785 ad
1266 2720 1462 2787 Seuthwerk
1489 2737 1564 2806 prope

548 2822 719 2887 civitatem
741 2826 847 2887 eastre
869 2822 987 2887 metati
1008 2828 1094 2889 sunt
1140 2824 1214 2889 Rex
1236 2822 1422 2889 Edwardus
1441 2823 1493 2911 qui
1505 2828 1565 2886 tune

549 2925 729 2990 Londoniis
751 2929 823 2990 erat
844 2926 1013 3011 ingentem
1034 2931 1235 2992 armatorum
1256 2927 1383 3014 eopiam
1407 2932 1440 2993 et
1459 2927 1564 2992 clusos
1685 2998 1686 3001 Ἴ

548 3050 615 3093 nou
637 3028 797 3094 modieam
818 3033 1085 3115 eongregaverst,
1107 3035 1146 3094 ut
1175 3051 1234 3116 per
1254 3051 1376 3116 aquam
1398 3029 1565 3096 Godwiuun

548 3135 582 3196 et
604 3131 690 3196 filios
712 3131 782 3196 eius
803 3130 1032 3218 insequeretur
1053 3137 1088 3196 et
1109 3138 1239 3196 terram
1300 3131 1366 3197 Sed
1389 3131 1487 3219 Angli
1505 3149 1563 3215 quo

547 3255 621 3298 rum
643 3233 705 3298 filii
726 3238 860 3319 nepotes
896 3232 1130 3321 eonsunguinei
1160 3238 1195 3299 et
1216 3233 1314 3299 amici
1336 3255 1411 3300 eum
1434 3231 1566 3300 Goduino

547 3342 642 3402 erant
664 3335 843 3402 noluerunt
864 3340 980 3400 eontra
1003 3357 1058 3401 eos
1080 3336 1251 3402 deeertare.
1310 3334 1411 3402 Unde
1432 3337 1565 3422 sapientes
1684 3386 1685 3393 ,

547 3439 668 3524 quique
702 3460 744 3502 ex
775 3443 915 3523 utraque
945 3442 1040 3525 parte
1070 3439 1159 3504 inter
1189 3461 1298 3525 regem
1329 3443 1364 3503 et
1395 3439 1565 3504 Godwinun

379 3556 511 3606 Peucebe
548 3540 663 3605 dueem
686 3541 726 3605 de
760 3563 837 3628 paee
859 3541 1115 3628 redintegranda
1143 3541 1321 3606 studiosius
1353 3543 1565 3607 tractaverunt

378 3621 513 3752 ffiffiff
549 3643 648 3708 Mane
670 3648 782 3708 autem
804 3642 892 3708 faedo
918 3665 978 3708 rex
1000 3643 1115 3708 habito
1137 3664 1213 3708 cum
1241 3643 1438 3731 primatibus
1458 3641 1567 3710 oonsilio

378 3755 494 3808 Godviu.
546 3745 722 3832 pristinum
761 3745 917 3811 honorem
954 3747 1103 3811 restituit
1140 3745 1302 3811 (leduino
1338 3752 1373 3812 et
1409 3746 1485 3811 filiis
1518 3745 1567 3810 eius
1683 3812 1684 3831 2

546 3848 698 3914 onmibus
719 3853 839 3936 praeter
857 3848 1023 3914 Swanum.
1069 3848 1131 3914 Ille
1146 3849 1235 3914 enim
1257 3849 1452 3936 poenitentia
1464 3851 1567 3925 duetus

545 3974 583 4018 eo
616 3953 703 4038 quod
725 3951 891 4018 Beornum
913 3951 1001 4038 regis
1023 3951 1251 4017 consobrinum
1273 3957 1470 4030 neoaverat3
1501 3951 1568 4017 uude

545 4055 586 4122 de
610 4055 768 4120 Flandria
798 4054 899 4120 nudis
930 4054 1070 4142 pedibus
1091 4053 1302 4120 iherusalem
1331 4059 1455 4142 petens,
1477 4056 1513 4120 in
1533 4075 1568 4118 re

544 4159 618 4225 ditu
648 4182 707 4224 suo
736 4159 774 4223 in
803 4158 922 4224 itinere
960 4157 1134 4224 defunctus
1165 4163 1223 4236 est,
1266 4180 1309 4223 ex
1338 4158 1443 4224 nimio
1472 4159 1568 4245 frigore
1682 4182 1683 4213 ³

373 4265 531 4319 Reumtion
543 4263 738 4328 infirmitate
769 4266 944 4326 eontracta.
1005 4261 1126 4326 Filiam
1155 4282 1284 4347 quoque
1311 4259 1404 4326 ducis
1434 4261 1568 4328 Edithuu

373 4333 463 4448 ⁰¹⁰¹ss
542 4367 691 4454 reginam
732 4387 792 4431 rex
831 4363 1008 4452 dignanter
1036 4364 1158 4450 recepit
1188 4368 1222 4429 et
1252 4385 1324 4428 eam
1353 4363 1504 4450 pristinae
1535 4383 1569 4427 re

540 4469 653 4534 stituit
687 4467 855 4554 dignitati.
910 4469 998 4532 Acta
1028 4467 1141 4552 itaque
1178 4465 1349 4532 concordia
1370 4472 1405 4532 et
1437 4490 1515 4554 paee
1533 4468 1570 4532 dr·

540 4578 639 4648 nuato,
654 4593 714 4635 rex
736 4569 827 4636 omni
849 4569 969 4656 populo
991 4570 1095 4635 bonas
1115 4570 1203 4656 leges
1225 4574 1260 4634 et
1280 4574 1405 4634 restam
1426 4569 1569 4636 iustitium

539 4674 697 4762 promisit
745 4672 791 4737 Et
812 4677 893 4738 nota
914 4673 1098 4759 potentiam
1118 4672 1250 4759 praefati
1273 4671 1365 4737 ducis
1379 4671 1533 4737 Godwini
1546 4694 1570 4736 sc

538 4777 680 4843 filiorum
696 4797 837 4842 suorum.
883 4775 972 4842 Nam
994 4775 1084 4841 idem
1097 4774 1168 4839 dux
1183 4775 1374 4854 Godwinus,
1397 4775 1484 4841 sieut
1506 4797 1571 4864 pra
1681 4822 1683 4843 .
