3567 5800
522 878 588 939 210
784 893 849 943 erc
872 894 1075 945 1111111111
1099 894 1189 944 senc.
1213 894 1304 945 msr.

521 1079 647 1157 nativo,
680 1085 715 1145 et
741 1080 778 1143 in
800 1081 862 1145 hae
884 1080 1112 1146 vicissitudine
1147 1080 1318 1145 sollemnes
1340 1080 1465 1167 gratias
1488 1075 1577 1162 Regi

521 1180 690 1248 celebrant
712 1182 882 1249 altissimo.
929 1184 974 1249 Et
995 1206 1065 1249 non
1087 1184 1194 1249 solum
1216 1182 1320 1270 Angli
1343 1182 1463 1269 quibus
1485 1178 1576 1244 divi-

521 1282 613 1347 nitus
646 1283 717 1350 haee
749 1286 971 1373 prastabatur
1003 1287 1121 1372 gratia,
1154 1308 1270 1351 verum
1305 1285 1407 1350 etiam
1440 1287 1475 1349 et
1497 1302 1578 1346 con-

520 1385 645 1470 gaudet
666 1408 710 1452 11
723 1388 834 1453 vicina
854 1390 1074 1475 germanitate
1097 1387 1292 1453 universalis
1308 1386 1424 1451 Gallia
1469 1384 1579 1449 Fama

521 1508 665 1574 namque
695 1493 802 1555 tantae
832 1490 1004 1556 felicitatis
1035 1492 1107 1577 ipso
1139 1496 1290 1555 sumente
1321 1486 1496 1576 imperium
1530 1486 1578 1551 ad

521 1588 633 1655 vicina
655 1613 793 1678 quaeque
814 1614 917 1679 regna
940 1592 1093 1658 defertur.
1140 1592 1247 1681 Reges
1269 1596 1305 1657 et
1326 1591 1491 1679 principes
1511 1611 1577 1676 pro

521 1694 619 1757 tanta
650 1714 760 1757 rerum
792 1694 977 1760 mutatione
1009 1694 1230 1761 admiratione
1267 1694 1497 1782 percelluntur,
1538 1698 1577 1757 et

522 1815 597 1859 enm
619 1800 716 1860 tanto
739 1818 816 1883 rege
838 1795 948 1863 foedus
970 1796 1068 1875 inire,
1095 1796 1257 1862 amicitias
1286 1796 1431 1885 iungere,
1458 1816 1574 1881 pacem

352 1914 493 1967 11111111
521 1918 714 1984 componere
737 1898 957 1984 gratulantur.
1002 1897 1134 1965 Primus
1163 1898 1234 1987 ipse
1257 1899 1481 1965 Romanomm
1510 1898 1577 1961 im·

351 1982 470 2112 3333ss
521 2007 654 2087 perator
691 2000 863 2081 sensas,
899 2002 957 2087 qur
988 2001 1088 2067 ecam
1121 2002 1267 2067 cusam
1299 2001 1456 2067 Edwardi
1486 2000 1576 2087 regis

352 2116 450 2181 fleury,
520 2125 663 2169 sororem
686 2104 889 2169 Gunhildam
919 2105 1054 2171 nomine
1077 2105 1247 2192 coniugem
1271 2104 1423 2185 duxerat,
1447 2103 1576 2169 exhila-

518 2212 611 2273 ratus
634 2207 723 2294 quod
745 2207 949 2272 Edwardum
970 2208 1007 2272 in
1029 2216 1169 2296 paterna
1199 2208 1273 2274 sede
1302 2208 1571 2273 inthronizatum

519 2310 686 2391 didicerat,
721 2310 766 2375 ad
797 2310 1042 2397 coniungendas
1080 2312 1221 2377 invicem
1256 2311 1408 2377 dexterae
1445 2310 1576 2397 legatos

519 2413 636 2499 dirigit
647 2438 656 2493 ;
679 2434 818 2478 munera
840 2413 1004 2499 imperiali
1019 2413 1221 2479 liberalitate
1237 2413 1424 2479 exhibenda
1446 2413 1575 2493 mittit;

519 2520 562 2592 et,
586 2538 661 2601 quae
693 2521 806 2581 tantos
839 2516 976 2582 decebat
1007 2520 1171 2581 terrarum
1205 2516 1363 2594 dominos,
1397 2537 1509 2603 pacem
1536 2522 1575 2580 et

519 2617 1183 2788 1111111111111
1201 2618 1575 2808 alternas

519 2825 605 2912 regis
637 2823 796 2889 Edwardi
817 2824 929 2889 vicina
960 2826 1067 2890 carnis
1100 2824 1349 2914 propinquitate
1379 2822 1574 2911 consangui-

515 2950 606 3008 neus,
629 2927 744 2993 eadem
765 2928 917 2995 novitate
932 2927 1113 3015 plurimum
1136 2927 1343 3010 iocrmdatus,
1359 2926 1478 3014 legatis
1501 2927 1573 2990 suis

516 3030 681 3096 Edwardo
714 3031 823 3096 missis
854 3053 930 3096 eum
963 3031 1077 3097 eodem
1110 3035 1307 3118 exoptatum
1340 3028 1430 3117 pacis
1456 3031 1572 3094 amici-

350 3155 452 3204 andthe
515 3133 638 3221 tiaeque
670 3134 798 3222 pepigit
842 3133 959 3199 foedus.
1021 3135 1095 3199 Rex
1133 3133 1236 3199 etiam
1271 3132 1452 3211 Danorum,
1490 3133 1573 3198 licet

349 3220 649 3339 'gffggfffieinfinia
685 3235 908 3303 maranensis
946 3237 1061 3303 ocant
1097 3235 1344 3324 longinquitate
1383 3235 1572 3315 amatur,

437 3328 443 3338 ⁶
514 3340 633 3428 legatis
667 3345 780 3405 tamen
811 3340 879 3405 suis
911 3339 1009 3426 longo
1044 3339 1145 3404 maris
1176 3344 1403 3424 terrarumque
1430 3337 1574 3403 circuitu

514 3443 656 3524 defessis,
687 3465 802 3530 pacem
834 3449 870 3508 et
896 3441 1107 3508 dilectionem
1138 3441 1210 3508 eius
1245 3447 1408 3528 precatur,
1440 3444 1572 3526 patrem

514 3568 590 3611 eum
613 3545 678 3612 sibi
700 3546 805 3634 eligit,
820 3567 920 3632 seque
943 3550 982 3611 ut
1004 3545 1112 3610 filium
1128 3545 1178 3610 illi
1201 3545 1238 3610 in
1253 3544 1409 3610 omnibus
1431 3543 1572 3626 subicit;

514 3649 686 3734 iussusque
717 3650 760 3712 ab
790 3649 905 3715 eodem
929 3648 1115 3736 Anglorum
1136 3669 1222 3736 rege,
1253 3649 1339 3713 hanc
1362 3646 1571 3734 sponsionem

516 3756 551 3817 et
584 3751 797 3817 sacramentis
828 3751 928 3832 iurat,
964 3760 998 3817 et
1024 3749 1194 3816 obsidibus
1216 3751 1399 3816 confirmat.
1458 3749 1572 3816 Ceteri

516 3877 646 3942 quoque
669 3855 847 3921 eorundem
878 3876 995 3942 regum
1025 3854 1163 3940 tyranni
1196 3859 1230 3918 et
1262 3853 1378 3940 quiqui
1409 3853 1572 3939 potentis—

516 3959 593 4023 simi
615 3959 712 4024 duces
735 3961 770 4023 et
790 3958 956 4045 principes
977 3957 1097 4044 legatis
1119 3957 1188 4023 suis
1218 3977 1295 4021 eum
1324 3955 1457 4036 adeunt,
1489 3959 1573 4020 ami-

516 4084 592 4127 cum
614 4069 649 4127 et
672 4061 842 4127 dominum
865 4061 931 4126 sibi
953 4059 1085 4146 suisque
1109 4058 1327 4136 constituunt,
1344 4058 1440 4145 eique
1463 4057 1570 4123 fideli-

516 4169 621 4231 tatem
644 4169 679 4230 et
700 4164 874 4230 servitium
897 4185 995 4229 suum
1017 4162 1054 4226 in
1068 4183 1185 4227 manus
1200 4164 1339 4248 ponunt.
1384 4159 1572 4224 Mittuntur

350 4267 481 4318 novans
518 4267 656 4353 singulis
677 4289 737 4354 pro
771 4267 965 4333 celsitudine
996 4287 1056 4331 sua
1084 4265 1127 4330 ab
1157 4265 1228 4352 ipso
1251 4285 1328 4351 rege
1350 4261 1475 4349 regalia
1497 4283 1570 4328 mu-

350 4343 461 4466 lm?
471 4342 498 4386 ω
516 4391 616 4452 nera;
654 4391 728 4457 quae
761 4376 801 4435 ut
833 4369 957 4434 nullius
991 4368 1175 4456 quamlibet
1196 4365 1374 4454 multiplex
1403 4364 1489 4452 regis
1515 4365 1572 4432 vel

351 4469 445 4519 nobles.
517 4474 673 4562 principis
694 4493 842 4560 unquam
864 4476 1012 4560 aequaret
1034 4470 1270 4550 munificentia,
1287 4491 1403 4558 regum
1421 4468 1571 4556 pulcher-

515 4577 620 4643 rimus
654 4584 689 4642 et
719 4575 944 4642 nobilissimus
979 4573 1165 4662 Anglorum
1196 4594 1257 4639 rex
1279 4571 1464 4639 Edwardus
1488 4571 1571 4637 facit

516 4681 639 4748 eisdem
662 4682 862 4748 Francorum
886 4681 1094 4767 principibus
1118 4680 1172 4745 vel
1194 4700 1307 4744 annua
1324 4677 1378 4743 vel
1400 4677 1568 4742 continua

517 4783 561 4850 In
574 4784 736 4872 principio
758 4784 920 4873 siquidem
942 4783 1037 4872 regni
1060 4785 1112 4850 sui
1134 4787 1231 4850 tanta
1245 4781 1409 4850 divinitus
1425 4780 1572 4848 donatur
