3567 5800
480 861 523 927 66
728 872 805 927 rue
830 874 877 925 nn
899 872 1034 927 mamre
1057 872 1146 923 senc.
1169 870 1257 923 mss.

479 1062 549 1141 bus,
588 1058 730 1143 “Esse”
766 1060 928 1147 inquiens,
961 1060 1177 1127 “beatissime
1214 1060 1393 1139 lohannes,
1430 1078 1529 1145 spon-

478 1165 579 1233 sionis
615 1185 696 1231 meae
732 1164 892 1244 vadium3
929 1168 978 1245 ut,
998 1186 1090 1239 uum
1127 1164 1250 1233 auxilio
1288 1168 1348 1229 tuo
1386 1161 1531 1228 subactis

477 1264 629 1333 hostibus
658 1286 732 1333 eum
756 1266 972 1353 prosperitate
1002 1266 1140 1348 rediere,
1174 1266 1275 1355 digno
1307 1265 1393 1331 illud
1422 1264 1530 1352 pretio

381 1410 386 1421 ·
478 1370 647 1449 redimam,
685 1373 720 1435 et
757 1368 865 1455 quoad
885 1381 888 1386 “
907 1367 1020 1435 vixero
1058 1369 1122 1435 tibi
1165 1372 1280 1455 gratus
1318 1372 1353 1433 et
1391 1367 1531 1431 devotus

478 1470 646 1539 existam''
704 1470 899 1537 Revertitur
921 1470 1040 1537 deinde
1062 1472 1106 1537 ad
1128 1471 1309 1537 exereitum
1340 1492 1438 1536 suum
1459 1490 1530 1544 rex,

477 1577 512 1639 et
549 1596 628 1639 mox
663 1572 808 1639 hostium
852 1571 935 1639 fines
978 1577 1130 1661 potenter
1173 1574 1310 1639 invadit.
1372 1572 1419 1637 Et
1463 1570 1531 1636 iam

477 1679 608 1763 tempus
630 1676 809 1742 advenerat
831 1674 1013 1763 pmeliandi,
1037 1698 1112 1741 eum
1133 1675 1332 1762 praecedenti
1352 1678 1449 1741 noete
1470 1694 1532 1738 rex

478 1800 650 1866 oppressus
671 1801 784 1845 sumno
805 1778 943 1843 beatum
972 1777 1161 1843 Jehannem
1190 1778 1254 1843 sibi
1285 1778 1405 1865 aspicit
1434 1776 1530 1842 essis-

478 1885 613 1962 tentem‚
651 1887 687 1949 et
724 1886 764 1947 ut
807 1901 920 1947 secure
964 1902 1040 1946 eum
1084 1881 1232 1947 hostibus
1277 1880 1532 1968 congrederetur

478 1983 692 2065 hortantem
730 1982 1011 2061 “Deuotionem,”
1057 1983 1219 2070 inquiens,
1259 1988 1390 2063 “tusm,
1429 2004 1531 2069 quam

478 2086 564 2152 eirea
595 2087 781 2174 sepulerum
813 2106 925 2151 meum
958 2084 1149 2165 exhibuisti,
1180 2088 1354 2172 gratanter
1388 2085 1530 2171 amplec-

478 2190 682 2268 temeravi
715 2208 775 2275 pro
808 2192 843 2255 te
875 2187 986 2254 Deum
1018 2210 1137 2267 meum,
1161 2192 1197 2254 et
1218 2187 1393 2255 exaudivit
1414 2210 1531 2255 voeem

478 2314 592 2357 meam
653 2290 801 2358 Observa
841 2289 946 2379 igitur
983 2295 1018 2357 et
1054 2290 1134 2357 audi
1178 2312 1291 2357 votem
1336 2310 1453 2371 meum,
1491 2296 1534 2357 ut

478 2393 628 2461 ambules
671 2395 709 2460 in
751 2394 816 2460 viis
860 2400 996 2481 petrum
1032 2398 1174 2474 tuorum,
1214 2400 1249 2461 et
1285 2394 1438 2461 inimicus
1475 2416 1534 2461 em

478 2496 622 2563 inimicis
643 2497 719 2579 tuis,
742 2500 778 2563 et
799 2494 982 2584 affligentes
1013 2501 1048 2563 le
1078 2496 1231 2585 affligem,
1254 2501 1290 2563 et
1311 2497 1475 2565 custodiet
1495 2504 1532 2563 te

479 2599 587 2687 gnatia
601 2598 696 2665 Dei.”
741 2599 824 2666 Hsee
838 2599 949 2665 disens
965 2598 1134 2687 disparuit
1187 2598 1286 2665 Mane
1308 2604 1421 2665 eutem
1443 2599 1532 2665 festo

480 2724 542 2769 rex
563 2702 600 2767 in
620 2702 730 2767 hostes
750 2700 857 2780 irruit,
880 2702 1072 2788 potitusque
1093 2702 1233 2769 victoria
1262 2722 1374 2789 regern
1409 2700 1534 2769 Seotiae

480 2805 524 2871 ed
546 2803 747 2871 deditionem
775 2802 889 2890 etegit
936 2804 1086 2891 Cumque
1107 2804 1210 2869 situm
1232 2809 1329 2871 tense
1351 2804 1442 2871 illius
1463 2826 1532 2871 non

339 2920 343 2929 ’
367 2961 371 2966 .
481 2928 584 2994 parvo
606 2911 752 2994 tempere
773 2905 985 2993 explorasset,
1009 2912 1139 2994 eeeepto
1165 2907 1278 2974 obside
1300 2909 1386 2995 regis
1409 2908 1531 2976 Seotise

480 3009 551 3075 filio
568 3031 718 3076 reversus
737 3014 788 3076 est
807 3009 1002 3076 Eboreernn
1047 3008 1133 3077 Inde
1154 3011 1295 3077 tendens
1317 3010 1530 3086 Beverlneum

480 3113 649 3179 cultellum
684 3135 780 3179 suum
817 3113 999 3180 multarum
1035 3113 1273 3201 possessionum
1311 3116 1531 3202 maximaeque

480 3215 643 3286 libertatis
663 3215 837 3304 largitione
858 3215 1007 3283 redemit

314 3641 385 3696 wm
906 3569 985 3692 Cin
1009 3623 1111 3691 XIII.

313 3706 441 3760 Mnlmil.

901 3927 1112 3998 AEttebtaut.
1309 3973 1312 3978 ‘

313 4151 460 4219 suogyon
525 4135 582 4200 Dn
611 4134 672 4202 hoe
693 4155 770 4223 rege
791 4133 1001 4201 AEthelsteno
1025 4156 1093 4201 non
1115 4133 1263 4225 invalida
1287 4135 1377 4223 apud
1401 4134 1530 4223 Anglos

313 4219 465 4272 AE‘h‘lm
478 4237 569 4304 fame
589 4237 717 4318 seritur,
752 4237 842 4324 quod
870 4258 969 4303 nemo
997 4235 1133 4325 legalius
1164 4239 1219 4304 vel
1251 4239 1416 4305 literatius
1441 4259 1528 4305 rem·

479 4341 645 4428 publicam
665 4339 934 4406 amministravit
979 4337 1079 4406 Patre
1100 4361 1178 4406 vero
1201 4341 1286 4428 regis
1309 4339 1527 4420 AEthelstani,

478 4443 565 4510 sieut
585 4442 805 4532 praediximus,
828 4445 959 4508 mortuo
981 4446 1016 4508 et
1037 4441 1229 4528 Wyntoniae
1262 4443 1409 4522 humato,
1435 4441 1528 4508 iuoeu

478 4543 583 4634 petris
605 4550 641 4612 et
661 4548 862 4611 testamento
885 4543 1112 4610 AEthelstanus
1134 4544 1171 4610 in
1192 4566 1303 4632 regem
1324 4545 1528 4612 amlametus

480 4651 556 4729 est3
580 4668 679 4734 quem
700 4647 768 4714 iam
789 4645 979 4716 triesnnslis
1000 4649 1081 4713 setas
1102 4649 1138 4713 et
1158 4647 1329 4735 sapientias
1349 4648 1530 4715 maturitas

479 4748 760 4818 sommendabant
819 4747 909 4816 Nam
953 4751 989 4816 et
1028 4769 1109 4816 avus
1154 4747 1224 4818 eius
1260 4749 1417 4818 Allredus
1453 4755 1529 4840 sive
