3567 5800
506 780 571 845 326
766 792 832 841 a1c.
857 792 904 839 na
928 792 1063 841 ornans.
1089 790 1179 841 aruc.
1202 791 1289 839 nrsr.

508 982 688 1069 incorrupti
720 981 860 1068 virginis
896 1000 1027 1067 corpore
1062 1001 1121 1068 per
1157 980 1337 1045 claustrum
1371 980 1566 1045 monasterii

507 1086 605 1172 regiis
627 1083 774 1149 humeris
803 1083 1109 1170 praecipuorumque
1139 1082 1243 1148 totius
1273 1082 1367 1169 regni
1392 1104 1565 1169 procerum

507 1188 660 1253 manibus
696 1186 960 1252 reverentissime
1004 1186 1187 1273 deportato,
1228 1184 1336 1273 posita
1379 1190 1431 1251 est
1466 1206 1569 1273 super

507 1290 741 1357 candelabrum
780 1288 936 1377 praeclara
978 1288 1111 1353 lucerna
1147 1288 1183 1352 in
1222 1288 1319 1353 domo
1343 1287 1488 1366 Domini,
1524 1292 1568 1351 ut

506 1393 563 1479 qui
600 1392 834 1478 ingrediuntur
867 1392 980 1456 lumen
1012 1390 1151 1456 videant
1182 1395 1217 1455 et
1254 1390 1485 1456 illuminentur
1518 1390 1565 1455 ab

506 1518 552 1561 ea.
608 1494 725 1580 Sisque
755 1493 840 1558 illud
873 1515 932 1559 vas
967 1491 1095 1579 insigne
1129 1492 1294 1557 castitatis
1328 1500 1363 1559 et
1397 1493 1565 1559 universae

507 1598 644 1665 virtutis
682 1597 883 1663 domicilium
917 1597 954 1661 in
991 1595 1111 1661 feretro
1144 1596 1287 1680 pretioso
1325 1596 1414 1681 quod
1450 1597 1482 1661 ei
1520 1618 1563 1660 ex

506 1722 587 1765 auro
625 1705 660 1765 et
710 1704 847 1785 argento
888 1698 1034 1763 construi
1079 1698 1199 1763 fecerat
1239 1697 1377 1763 illustris
1422 1720 1482 1763 rex
1527 1704 1563 1763 et

506 1802 718 1869 consobrinus
744 1802 814 1867 eius
843 1807 998 1867 strenuus
1020 1799 1205 1889 Anglorum
1232 1800 1413 1866 debellator
1435 1800 1563 1865 Willel-

506 1928 579 1971 mus
602 1906 701 1995 regiis
731 1904 884 1969 manibus
911 1902 1087 1969 honorifice
1117 1903 1311 1969 collocatum
1340 1908 1400 1984 est,
1424 1904 1563 1969 laudan-

506 2009 596 2075 tibus
618 2008 745 2074 cunctis
767 2029 846 2072 voce
869 2005 1061 2073 laetabunda
1086 2009 1122 2070 et
1146 2004 1418 2071 benedicentibus
1441 2006 1562 2085 Deum,

506 2112 564 2199 qui
597 2111 634 2176 in
663 2110 786 2176 sanctis
816 2109 884 2173 suis
916 2130 1042 2195 semper
1080 2114 1130 2173 est
1166 2108 1325 2195 gloriosus
1357 2114 1392 2173 et
1423 2108 1460 2173 in
1494 2130 1563 2173 sm-

506 2214 605 2280 nibus
642 2214 794 2301 operibus
825 2213 893 2276 suis
931 2210 1099 2277 mirabilis.
1159 2210 1331 2277 Celebrate
1365 2215 1416 2276 est
1449 2218 1561 2277 autem

507 2317 682 2383 translatio
719 2317 784 2380 ista
815 2336 903 2381 anno
941 2314 983 2379 ab
1022 2314 1249 2381 incarnatione
1282 2313 1419 2379 Domini
1456 2315 1561 2379 mille-

340 2434 494 2485 narios.
507 2420 590 2486 simo
629 2420 806 2484 centesimo
845 2417 1047 2503 sexagesimo
1085 2416 1194 2493 tertio,
1230 2415 1447 2505 depositionis
1484 2440 1562 2483 veno

342 2501 398 2551 ⁰⁰¹*
412 2506 450 2549 ¹³·
507 2545 576 2589 sure
607 2542 694 2587 auno
727 2521 937 2606 nonagesimo
972 2519 1119 2605 septimo,
1150 2519 1252 2585 tertio
1283 2518 1364 2585 Idus
1395 2520 1563 2597 Octobres,

508 2625 562 2690 die
585 2622 768 2701 Dominica,
793 2622 835 2687 ab
866 2620 1140 2687 excellentissimo
1163 2621 1349 2709 Auglorum
1371 2644 1448 2711 rege
1472 2623 1564 2689 Hen-

508 2730 585 2805 rioo‚
608 2725 837 2792 assistentibus
860 2724 1107 2789 venerabilibus
1138 2723 1219 2789 viris
1248 2725 1376 2791 Thoma
1404 2726 1565 2815 archiepi-

510 2850 605 2919 scopo
652 2828 893 2909 cantuariensi,
933 2826 1101 2891 Gileberto
1148 2828 1296 2915 episcopo
1330 2827 1563 2910 Londoniensi‚

512 2928 656 2995 Henrico
688 2927 933 3014 Wyntoniensi,
968 2925 1101 3014 Nigello
1136 2926 1270 3002 Eliensi,
1305 2927 1451 2994 Roberto
1487 2929 1564 2994 Lin-

509 3032 673 3110 colniensi‚
703 3030 870 3095 Willelmo
900 3029 1117 3110 Norwicensi‚
1153 3029 1176 3093 J
1179 3027 1302 3094 oceliuo
1330 3031 1563 3110 Sareberiensi,

512 3134 664 3202 Waltero
703 3133 859 3213 Roffensi,
899 3131 1030 3197 Hilario
1069 3130 1276 3208 Oioestmmi,
1318 3132 1564 3201 Bartholomaeo

510 3236 700 3315 Exoniensi,
724 3236 864 3310 Ricardo
887 3233 1064 3311 Cestrensi,
1082 3233 1262 3299 Godefrido
1285 3235 1436 3323 episcopo
1458 3239 1563 3303 sancti

471 3382 479 3397 ·
509 3340 632 3426 asaph,
658 3344 693 3404 et
718 3339 758 3404 de
780 3337 963 3402 Normania
985 3337 1143 3424 episcopis
1167 3337 1365 3404 Lexovieusi
1380 3341 1563 3428 Arnulpho‚

510 3442 698 3508 Ebroicensi
743 3440 898 3515 Roberto,
944 3439 1143 3505 Abrincensi
1179 3439 1340 3518 Acbardo,
1386 3441 1564 3509 abbatibus

511 3545 656 3630 Hugone
672 3543 777 3608 sancti
795 3541 975 3620 Edmundi,
994 3541 1141 3607 Roberto
1164 3543 1269 3608 sancti
1284 3543 1417 3621 Albani,
1436 3545 1564 3633 Rogero

511 3646 734 3731 Radyngensi,
760 3643 919 3732 Gregorio
947 3643 1236 3723 Malmesberiensi,
1259 3646 1436 3712 comitibus
1462 3649 1564 3714 etiam

510 3749 656 3812 Roberto
703 3747 900 3827 Leicestriae,
953 3745 1095 3834 Hugone
1150 3747 1268 3814 comite
1321 3749 1362 3814 de
1410 3749 1564 3832 Nonou,

511 3850 660 3916 Galfrido
705 3849 825 3915 comite
870 3849 912 3914 de
958 3848 1105 3928 Essenia,
1146 3848 1311 3915 Willelmo
1356 3853 1477 3918 comita
1523 3855 1564 3921 de

508 3952 666 4028 Arundel‚
693 3949 876 4038 Reginaldo
907 3951 1025 4016 comite
1057 3950 1242 4033 Cornubiea
1271 3953 1414 4019 Patricio
1445 3958 1564 4024 comite
1637 4027 1646 4050 ·

509 4056 549 4121 de
578 4055 768 4132 Salesberia,
797 4053 961 4119 Willelmo
994 4054 1113 4119 comite
1143 4055 1184 4119 de
1207 4055 1393 4134 Albamara‚
1422 4058 1564 4126 Ricardo

508 4160 628 4224 comite
674 4159 714 4223 de
756 4157 918 4235 Penbrok‚
962 4163 996 4222 et
1040 4178 1210 4242 procerum
1252 4159 1396 4224 militum
1443 4167 1566 4230 ceterc

466 4266 473 4281 '
508 4283 647 4349 rumque
688 4261 810 4327 diversi
852 4259 976 4327 ordinis
1022 4264 1057 4324 et
1097 4259 1195 4325 officii
1235 4262 1408 4328 innumera
1454 4267 1565 4332 multi·

507 4364 651 4444 tudiue;
697 4363 818 4428 summi
871 4361 1036 4448 pontificis
1086 4383 1192 4428 arcem
1237 4367 1370 4450 regente
1425 4368 1564 4432 sanctis-

508 4467 590 4532 simo
621 4489 709 4555 papa
740 4465 931 4532 Alexandro
968 4464 1068 4530 tertio
1108 4465 1206 4530 huius
1241 4464 1391 4533 beneficii
1429 4473 1562 4536 auctore

507 4571 630 4656 pariter
659 4575 693 4634 et
714 4569 880 4655 largitore,
910 4589 995 4634 anno
1023 4568 1168 4634 eiusdem
1197 4590 1293 4656 papae
1325 4576 1460 4656 quart03
1492 4595 1563 4662 reg-

507 4677 609 4738 nante
647 4672 795 4758 piissimo
833 4677 867 4737 et
905 4670 1044 4758 glorioso
1075 4671 1260 4758 Anglorum
1298 4693 1375 4759 rega
1415 4673 1564 4742 Henrico
