3567 5800
375 901 422 950 os
444 901 559 950 casus
582 901 701 950 arcun
723 899 917 952 aron-rr.
941 890 994 964 31,
1013 891 1064 953 32.
1176 888 1242 959 277

192 1087 383 1151 divinorum
427 1087 612 1172 cognitione
656 1088 864 1154 consiliorum
901 1089 1037 1175 spiritus
1074 1092 1241 1176 sapientire

192 1190 391 1254 muneravit.
438 1189 558 1254 Merito
580 1191 717 1276 proinde
740 1191 811 1256 luce
834 1192 1039 1278 septemplici
1060 1195 1240 1260 exteriores

192 1292 362 1357 bominum
387 1291 495 1356 oculos
523 1292 658 1379 depulsa
679 1294 823 1359 caecitate
854 1294 1010 1380 perfudit,
1033 1295 1091 1382 qui
1113 1302 1239 1384 septem

192 1395 362 1460 oculorum
388 1393 524 1473 lumine,
558 1395 615 1480 qui
645 1395 681 1459 in
704 1395 800 1482 Agno
824 1395 960 1462 Coelesti
980 1397 1046 1463 visi
1078 1406 1165 1478 suut,
1189 1401 1239 1468 in-

192 1498 298 1564 terius
320 1496 479 1563 illustrari
502 1496 691 1583 promeruit.

586 1916 668 1983 Cur.
693 1915 842 1981 XXXII.
1248 1902 1348 1963 Ainea,

1248 1971 1295 2020 eol.
1308 1977 1375 2031 3943

1248 2037 1333 2096 Lives,
1343 2045 1391 2089 etc,

458 2119 509 2185 Dc
531 2125 635 2185 morte
658 2117 791 2184 comitis
813 2117 984 2186 dodwtaa'.
1249 2108 1364 2220 {gp-¹¹⁷2

619 2295 625 2307 .
1249 2236 1314 2286 Hen.
1324 2237 1404 2288 Hunt.

235 2321 306 2385 IAM
329 2321 370 2386 de
392 2319 555 2386 Godwino
578 2322 696 2386 comite
718 2320 927 2385 inserendum
949 2321 1100 2398 arbitror,
1125 2303 1321 2419 quem-3⁴33&
1331 2308 1403 2355 ¹⁰⁵³·

190 2424 368 2489 admodum
392 2445 467 2489 eum
490 2423 714 2510 proditionum
747 2446 881 2489 suarum
919 2425 1078 2490 donatum
1113 2423 1236 2511 stipen-
1249 2436 1337 2487 Mum.
1348 2435 1375 2487 ii.

189 2526 253 2590 <ua
275 2525 527 2591 navarreum
550 2526 652 2590 aaa
687 2527 737 2592 aa
770 2526 1014 2613 consumpsere,
1050 2504 1350 2634 demanafflg,

189 2627 344 2693 facinoris
367 2627 456 2713 quod
489 2627 525 2693 in
555 2649 665 2714 regem
697 2630 899 2716 fratremque
929 2630 998 2696 eius
1030 2631 1235 2696 commiserat
1246 2637 1404 2700 Ros-Wend

189 2729 310 2816 populo
333 2733 501 2816 spectante
523 2729 627 2817 ipsam
651 2753 751 2816 quam
784 2737 951 2797 meruerat
973 2753 1106 2818 poenam
1129 2733 1236 2799 exsol-

188 2833 286 2898 verit.
347 2831 409 2898 Ille
432 2833 519 2898 enim
551 2833 762 2920 simplicitate
797 2835 881 2923 regie
909 2835 1048 2902 abutens
1070 2835 1178 2903 multa
1199 2837 1235 2902 in

1247 2705 1316 2756 Al).
1331 2709 1402 2754 1054.

186 2958 287 3022 regno
309 2942 426 3001 contra
456 2936 509 3001 ius
540 2942 574 3001 et
597 2934 646 3001 fas
668 2958 728 3023 pro
758 2941 924 3023 potestate
957 2937 1108 3019 faciebat,
1133 2946 1168 3005 et
1190 2940 1371 3027 adnathnof

188 3060 258 3105 sure
273 3038 460 3123 iniquitatis
483 3060 676 3103 comessum
699 3062 784 3127 stepo
806 3040 892 3126 regis
908 3040 1056 3106 animum
1076 3042 1235 3108 inclinare
1249 3017 1365 3069 codem.

189 3142 383 3227 temptabat.
445 3142 592 3206 Tandem
624 3163 663 3207 eo
697 3163 800 3227 usque
823 3143 893 3206 eius
915 3144 1073 3228 processit
1095 3146 1234 3225 astutia,

189 3250 229 3309 ut
255 3266 365 3309 ornnes
396 3244 462 3309 fere
494 3244 579 3330 regis
602 3250 757 3330 cognatos
781 3248 816 3309 et
838 3245 960 3310 amicos
982 3266 1064 3330 quos
1086 3246 1127 3311 de
1149 3246 1184 3311 N
1186 3270 1237 3312 or-

191 3348 326 3413 mannia
357 3346 411 3411 vel
448 3345 632 3413 adduxerat
665 3347 719 3411 vel
747 3356 923 3413 vocaverat
959 3352 1030 3413 tam
1067 3350 1235 3436 episcopos

188 3472 289 3537 quam
310 3450 446 3515 aliarum
470 3448 666 3535 dignitatem
691 3450 823 3515 clericos
846 3454 881 3514 et
903 3450 1002 3515 laicos
1024 3450 1138 3517 fraude
1161 3454 1237 3519 ‹lolo

188 3552 468 3619 circumventione
501 3552 722 3638 proturbaret,
757 3552 890 3618 credens
924 3552 987 3617 sibi
1022 3560 1140 3620 cuncta
1161 3579 1237 3643 pro·

187 3678 316 3721 cessura
337 3676 397 3741 pro
426 3658 516 3734 vote,
551 3654 580 3719 si
617 3654 809 3719 necessariis
831 3656 977 3720 nudatus
1013 3657 1128 3723 amicis
1165 3659 1234 3723 suis

186 3762 320 3824 tantum
342 3778 401 3821 rex
423 3756 568 3821 consiliis
597 3761 752 3823 uteretur.
808 3757 856 3823 At
879 3757 1063 3823 Edwardus
1085 3782 1144 3846 pro
1164 3760 1235 3827 loco

187 3875 249 3949 pro
271 3864 417 3945 tempore
439 3880 499 3945 pro
531 3856 688 3944 religione
719 3864 837 3925 cuncta
867 3858 1079 3926 dissimulans
1111 3861 1235 3927 divinis

185 3963 329 4029 vacabat
350 3961 521 4048 obsequiis,
535 3959 600 4025 Dei
615 3960 763 4026 iustitia¹
781 3962 890 4027 ultum
910 3962 953 4026 iri
967 3963 1129 4027 malitiam
1153 3966 1237 4029 mul-

187 4068 233 4133 tis
255 4062 442 4151 praedicene,
458 4062 635 4147 aliquando
650 4062 751 4127 etiam
767 4062 830 4150 ipsi
848 4064 1010 4129 Godwino
1032 4064 1115 4129 illud
1128 4066 1236 4151 ipsum

187 4190 257 4234 non
290 4172 406 4232 tacens.
474 4164 538 4230 Die
574 4164 685 4251 itaque
721 4165 862 4250 quadam
895 4188 969 4250 quae
1000 4168 1120 4253 populo
1156 4170 1237 4235 cele·

190 4272 260 4337 bris
286 4269 468 4335 habebatur
489 4289 563 4333 cum
585 4288 645 4331 rex
667 4272 826 4354 praesente
855 4268 976 4333 comite
998 4272 1119 4335 mensis
1145 4294 1236 4359 rega-

192 4373 282 4437 libus
319 4372 487 4448 assideret,
518 4370 605 4436 inter
626 4370 853 4456 prandendum
895 4390 979 4435 unus
1009 4372 1236 4441 ministrorum

187 4476 224 4540 in
256 4474 379 4540 obicem
410 4472 555 4558 aliquem
579 4494 645 4537 uno
676 4470 758 4558 pede
792 4470 1040 4539 immoderatius
1062 4474 1237 4563 inpingeus

479 4665 974 4673 .....-..-.-.-.----———-----—-—-—-
1018 4666 1076 4672 -—--
1104 4668 1233 4675 --—...—.-.

542 4789 549 4822 ¹
573 4789 681 4856 bestilia]
695 4788 824 4851 iustitiam,
835 4786 892 4839 MS.
