3567 5800
996 819 1083 882 68
1527 834 1656 886 me.
1704 835 1799 885 m:
1842 835 2104 888 mmo.
2149 836 2327 888 spec.
2374 837 2547 889 msr.

1177 1023 1404 1084 Fervet
1442 1030 1506 1085 et
1545 1027 1817 1086 exundat
1854 1026 2048 1105 regali
2085 1028 2260 1106 regia
2295 1029 2468 1102 luxu,

1180 1115 1434 1194 Spumat
1460 1119 1680 1196 ubique
1719 1139 1969 1194 merum,
2012 1119 2218 1181 fremit
2260 1122 2474 1199 ingens
2516 1122 2656 1182 aula
2693 1122 2973 1196 tumultu,

1176 1208 1542 1270 Discurrunt
1580 1212 1771 1289 pueri,
1812 1212 2079 1273 celerant
2117 1214 2392 1274 iniuncta
2427 1215 2691 1274 ministri
2720 1239 2738 1286 ς

1174 1302 1427 1363 Deliciis
1468 1314 1725 1380 ventres,
1766 1306 2150 1366 cumulantur
2189 1309 2456 1368 carmine
2495 1316 2771 1378 mentes;

1174 1395 1290 1456 Ille
1325 1398 1541 1475 strepit
1580 1398 1829 1471 cithara,
1871 1399 2178 1459 decertat¹
2225 1401 2530 1478 plausibus
2571 1402 2730 1471 iste;

1173 1488 1251 1547 In
1277 1509 1586 1550 commune
1627 1498 1818 1564 sonat,
1862 1496 1900 1525 ‘⁴
1917 1492 2057 1552 Tibi
2097 1493 2247 1567 laus,
2292 1493 2433 1552 Tibi
2473 1484 2703 1572 gratia,
2733 1493 3029 1555 Christe.”

1174 1582 1314 1642 Rex
1358 1581 1542 1664 [non]
1586 1583 1798 1643 invitis
1839 1585 2028 1644 oculis
2068 1586 2228 1646 hunc
2269 1585 2477 1646 haurit
2517 1588 2824 1659 honorem,

1176 1674 1467 1736 Omnibus
1506 1676 1826 1756 indulgens
1867 1681 2172 1756 proprium
2214 1680 2498 1758 dignatur
2537 1681 2841 1741 honorem.

646 2020 969 2153 ffgkllgssm·
1795 2031 2294 2098 Gomoario.

1080 2230 1488 2298 TRANSACTA
1563 2234 2064 2300 consecrationis
2149 2232 2544 2313 celebritate,
2606 2229 3076 2309 AEthelstanuS‚

985 2354 1070 2398 ne
1113 2356 1292 2421 spem
1338 2335 1584 2400 civium
1629 2336 1886 2402 falleret
1913 2342 1998 2404 ,et
2042 2334 2313 2401 inferius
2354 2335 2660 2422 opinione
2704 2356 2773 2399 se
2834 2339 3077 2421 ageret,

984 2458 1242 2503 omnem
1301 2438 1568 2503 omnino
1628 2438 1942 2525 Angh‘am
2002 2438 2140 2503 solo
2203 2437 2487 2503 nominis
2554 2442 2803 2502 terrore
2861 2438 3077 2503 subiu-

980 2539 1187 2626 gavit,
1234 2545 1475 2629 praeter
1533 2540 1704 2606 solos
1766 2539 1836 2604 N
1839 2539 2272 2605 ortbumbros
2360 2539 2542 2613 ,Nam
2592 2544 2876 2627 praeerat
2933 2539 3083 2620 illis,

980 2640 1152 2708 sicut
1194 2642 1640 2729 praediximus,
1705 2641 2033 2708 Sihtricus
2096 2641 2402 2729 quidam²
2462 2648 2662 2730 gente
2723 2649 2794 2709 et
2857 2642 3077 2707 animo

980 2744 1311 2822 barbams,
1357 2751 1674 2832 cognatus
1720 2745 2099 2811 Gurmundi
2163 2745 2304 2811 sive
2353 2744 2530 2810 Gitri
2575 2745 2769 2823 Dani,
2819 2744 2901 2810 de
2944 2766 3074 2830 quo

976 2846 1049 2913 in
1091 2849 1294 2935 gestis
1339 2847 1595 2914 Alfredi
1637 2846 1779 2915 sive
1829 2847 2108 2915 Aluredi
2166 2847 2426 2936 legitur.
2519 2846 2655 2929 Qui
2698 2869 2848 2914 cum
2891 2853 3076 2913 ante-

975 2972 1298 3016 cessorum
1362 2973 1592 3038 regum
1654 2952 2022 3038 potentiam
2084 2951 2338 3038 rugatis
2400 2951 2673 3016 naribus
2726 2951 3068 3030 derisisset,

974 3052 1169 3119 huius
1243 3052 1633 3119 affinitatem
1708 3054 1885 3120 ultro
1946 3053 2347 3140 supplicibus
2419 3055 2674 3119 nuntiis
2748 3055 3069 3142 expetiit3

974 3154 1115 3242 ipse
1176 3177 1433 3243 quoque
1498 3157 1737 3222 festino
1781 3157 1948 3243 pede
2000 3156 2394 3243 subsequtus
2453 3155 2659 3222 verba
2709 3156 3073 3244 legatorum

976 3259 1267 3326 asseruit.
1384 3259 1601 3341 Quare
1661 3265 1728 3325 et
1781 3259 2020 3324 sororis
2101 3259 2336 3345 copula
2415 3262 2485 3323 et
2559 3259 2788 3324 multis
2861 3258 3078 3324 xeniis

976 3367 1359 3428 muneratus
1402 3362 1701 3451 perpetui
1744 3361 2008 3427 foederis
2054 3360 2487 3427 fundamenta
2537 3360 2709 3428 iecit.
2799 3361 2947 3440 Sed,
2994 3366 3076 3425 ut

978 3465 1366 3550 praedictum
1410 3470 1526 3543 est,
1570 3470 1719 3552 post
1754 3486 2003 3529 annum
2047 3464 2192 3528 vita
2235 3463 2639 3541 deturbatus,
2678 3464 3076 3530 occasionem

637 3574 926 3631 AEthelstan
982 3566 1395 3632 AEthelstano
1482 3566 1807 3647 exhibuit,
1885 3573 1964 3632 ut
2039 3565 2105 3629 N
2109 3565 2589 3632 orthumbriam
2674 3588 2812 3632 suae
2898 3567 3071 3653 palti
3113 3612 3126 3620 ·

636 3644 911 3763 {fg-{hm
980 3669 1295 3756 iungeret,
1344 3690 1495 3756 quae
1552 3668 1679 3735 sibi
1723 3672 1795 3735 et
1837 3668 2111 3754 antiquo
2176 3669 2319 3734 iure
2378 3674 2449 3734 et
2508 3690 2682 3734 nova
2724 3669 3076 3735 necessitu-

636 3775 846 3828 berland
864 3787 919 3859 go
978 3771 1131 3837 dinc
1192 3775 1610 3859 competeret.
1712 3770 1920 3858 Fugit
1983 3776 2144 3836 tunc
2203 3771 2525 3837 Analafus
2583 3770 2758 3837 filius
2803 3770 3073 3837 Sihtrici

633 3839 913 3961 ξξςξοω·
979 3874 1414 3961 nysam,
1470 3878 1539 3939 et
1605 3872 1998 3939 eodefridus
2048 3873 2253 3939 ᾔθεοι·
2301 3874 2442 3939 eius
2505 3872 2812 3940 scotiam.
2901 3874 3076 3940 Sub-

972 3978 1191 4065 sequti
1254 3980 1413 4044 sunt
1455 3997 1492 4042 e
1535 3976 1820 4063 vestigio
1881 3976 2135 4063 regales
2178 3976 2360 4041 missi
2413 3976 2501 4041 ad
2553 3975 3073 4043 Constantinum

968 4102 1187 4169 regem
1262 4079 1640 4147 Scottorum
1715 4084 1785 4145 et
1860 4078 2254 4166 Ewgenium
2319 4099 2542 4165 regem
2610 4076 3070 4160 Gumbrorum,

967 4184 1375 4272 transfugam
1450 4205 1598 4250 cum
1667 4181 2166 4247 denuntiatione
2234 4180 2393 4245 belli
2453 4184 2838 4267 repetentes.
2928 4180 3072 4248 Nec

962 4286 1095 4351 fuit
1152 4288 1411 4352 animus
1469 4284 1782 4362 barbaris,
1830 4288 1909 4349 ut
1954 4288 2181 4353 contra
2223 4282 2589 4359 mutirent;
2636 4282 2798 4369 quin
2842 4283 3065 4369 potius

961 4388 1100 4454 sine
1145 4388 1610 4457 retractatione
1638 4388 1725 4454 ad
1752 4388 1970 4453 locum
2007 4385 2120 4473 qui
2168 4383 2384 4450 Dacor
2422 4384 2662 4450 dicitur
2704 4385 3066 4464 venientes,

1093 4742 1107 4774 ¹
1130 4740 1369 4809 decertat]
1397 4744 1631 4805 deci-etat,
1650 4741 1765 4793 MS.
2132 4739 2153 4769 ²
2174 4736 2395 4804 quidam]
2421 4704 2640 4803 quidem,
2661 4735 2776 4786 MS.
