3567 5800
495 906 499 912 .
544 862 608 925 190
810 874 876 927 nro.
899 876 947 925 nc
969 876 1102 927 ummo.
1124 876 1213 927 erno.
1236 877 1325 928 msr.

371 1138 394 1187 F
394 1139 439 1190 lor.

370 1205 528 1336 iliberi.
585 1261 837 1331 cornuorum
900 1263 1000 1347 otoo
1021 1262 1220 1331 rumam
1240 1264 1284 1333 a
1304 1262 1470 1351 nausa
1486 1263 1527 1331 aa

371 1341 505 1457 fflffl
938 1386 1050 1453 rapam
1078 1366 1179 1434 veuit

372 1474 439 1527 Μ).
456 1481 526 1526 1041.

586 1552 661 1619 Rnx
706 1554 889 1641 Anglorum
927 1553 1163 1621 Hardecnutus
1199 1555 1369 1621 ministros
1413 1575 1483 1619 suos
1518 1572 1564 1637 per

540 1676 651 1721 omnes
677 1655 760 1723 fines
790 1657 883 1743 regui
918 1656 1111 1737 destinavit,
1149 1661 1190 1722 ut
1225 1657 1392 1722 tributum
1422 1655 1500 1743 quod
1525 1654 1564 1717 in-

539 1758 669 1825 dixerat
691 1758 776 1826 nulli
797 1765 968 1845 paroentes
994 1760 1194 1847 colligerent
1218 1764 1254 1825 et
1274 1759 1393 1846 piratis
1423 1759 1485 1824 suis
1503 1756 1564 1822 inde

540 1862 651 1927 omnia
671 1863 852 1929 necessaria
873 1862 1111 1930 ministrarent.
1149 1862 1252 1927 Porro
1275 1861 1501 1927 Hurdecnutus
1518 1880 1564 1923 rex

540 1965 620 2031 dum
642 1964 731 2031 vixit
751 1964 918 2030 tributum
940 1964 1144 2032 inexorabile
1166 1970 1201 2031 et
1221 1964 1432 2052 importabile
1455 1962 1563 2050 Angla

540 2066 712 2155 imposuit;
733 2071 774 2133 ut
794 2066 967 2133 classiariis
988 2067 1058 2134 suis
1079 2089 1138 2155 per
1159 2067 1306 2155 singulus
1324 2089 1428 2133 naves
1445 2086 1563 2131 marcam

372 2206 441 2257 wffi
541 2190 584 2237 ex
620 2169 768 2257 pollicito
805 2171 995 2257 pensitaret.
1056 2169 1154 2251 Quod
1188 2171 1268 2237 dum
1305 2170 1488 2258 importune
1517 2188 1563 2253 per

372 2272 492 2325 Marmlr.
542 2272 697 2358 Angliurn
718 2272 873 2358 exigitur,
896 2272 963 2339 duo
985 2272 1136 2341 infestius
1157 2274 1219 2340 hoo
1239 2294 1360 2339 munus
1382 2275 1562 2358 exequentes

370 2338 502 2457 itin.
541 2395 680 2460 quorum
714 2374 849 2440 nomina
878 2374 1014 2441 fuerunt
1035 2375 1162 2441 rasus
1190 2380 1226 2441 a
1247 2374 1435 2454 nnana,
1458 2397 1477 2440 a
1499 2371 1562 2438 su.

344 2474 472 2535 'setheo
542 2476 602 2543 bus
624 2476 922 2563 Wygorniensibus
959 2484 994 2546 et
1023 2478 1169 2545 eiusdem
1198 2478 1454 2565 provincialibus
1477 2476 1561 2541 inter-

370 2542 520 2663 ilibdffi.
540 2580 618 2645 fecti
640 2585 719 2645 sunt
752 2580 788 2645 in
822 2580 966 2666 quodam
1006 2580 1125 2647 solario
1162 2581 1363 2659 monasterii,
1393 2580 1451 2646 ubi
1477 2578 1563 2667 gratia

371 2679 414 2723 ²⁶²
539 2681 627 2769 pacis
649 2682 875 2769 confugerumt
923 2683 1025 2749 Unde
1046 2705 1106 2750 rex
1127 2683 1231 2749 nimia
1260 2688 1442 2750 commotus
1466 2680 1562 2762 imin

539 2784 699 2850 ultionem
744 2790 847 2853 tantae
888 2786 1156 2871 transgressionis
1201 2787 1335 2853 comites
1372 2791 1409 2852 et
1444 2789 1562 2851 armatos

371 2923 502 2989 Avengeu.
537 2887 659 2954 milites
682 2888 762 2955 illuc
790 2889 1030 2970 transmittens,
1054 2889 1219 2977 praecepit,
1242 2893 1282 2955 ut
1310 2888 1460 2956 homines
1478 2887 1561 2953 inter·

536 2991 678 3068 fluerent,
716 2991 888 3058 civitatem
926 2991 1103 3078 spoliatam
1140 2992 1361 3073 incenderent,
1400 2999 1436 3058 et
1475 2994 1561 3056 totam

535 3095 740 3182 provinciam
778 3094 999 3162 devastarent
1063 3094 1161 3176 Quod
1196 3118 1272 3162 cum
1308 3095 1435 3160 factum
1468 3094 1562 3160 fideret

535 3195 631 3261 iuxta
654 3195 743 3282 quod
764 3192 829 3260 sibi
850 3195 959 3260 fuerat
978 3195 1186 3283 imperatum,
1209 3217 1283 3260 cum
1305 3195 1421 3282 praeda
1440 3194 1561 3260 maxima

535 3299 578 3364 ad
608 3320 716 3385 regem
762 3302 842 3364 suut
885 3297 1017 3364 revomi.
1086 3299 1161 3363 Rex
1205 3297 1309 3386 igitur
1347 3297 1562 3364 Hardecuutus

535 3407 669 3488 propter
698 3405 768 3466 tam
799 3400 930 3466 crudele
963 3401 1088 3466 factum
1122 3400 1219 3466 famae
1251 3423 1320 3468 suae
1350 3399 1561 3468 contumelium

535 3504 683 3584 incurrit,
715 3509 749 3570 et
779 3504 883 3569 amori
918 3525 982 3591 quo
1016 3503 1120 3569 amari
1154 3504 1312 3570 debuerat
1350 3505 1562 3572 detrimentum

535 3606 775 3694 permaximum
796 3606 942 3694 ingessit
999 3605 1066 3673 Sed
1088 3607 1128 3673 de
1150 3607 1208 3672 illo
1230 3607 1366 3685 tributo,
1387 3607 1472 3694 quod
1491 3625 1562 3669 nuuc

536 3711 701 3776 Dacorum
715 3709 838 3774 dicitur
857 3709 995 3787 reditus,
1009 3710 1090 3795 quid
1111 3709 1148 3774 in
1169 3709 1286 3776 diebus
1305 3711 1413 3776 sancti
1427 3705 1562 3774 Edwardi

536 3811 622 3900 regis
643 3817 757 3899 postea
778 3811 962 3898 contigerit,
984 3813 1022 3877 in
1042 3812 1256 3899 sequentibus
1276 3813 1428 3878 dicemus

581 3913 707 3980 Eodem
730 3935 817 3981 anno
848 3913 1032 3980 Edwardus
1053 3915 1138 4003 regis
1161 3913 1331 3981 Ethelredi
1361 3915 1457 3994 filius,
1477 3912 1562 3976 frum

369 4019 478 4070 Fuwuru
537 4018 688 4084 uterinus
725 4017 811 4106 regis
847 4016 1058 4084 Hardecnuti
1092 4039 1134 4084 ex
1169 4023 1264 4105 parte
1300 4019 1422 4096 matris
1459 4015 1562 4081 scilicet

368 4093 493 4219 iffi?
539 4123 666 4188 Emmue
688 4121 817 4208 reginae‚
842 4121 882 4185 de
905 4119 1114 4187 Normannia
1142 4121 1179 4185 in
1208 4120 1366 4207 Angliam
1392 4120 1561 4196 venientu

538 4249 612 4312 rege
636 4224 851 4290 Hardecnuto
873 4223 977 4290 fratre
1008 4245 1067 4290 suo
1098 4229 1269 4310 gratanter
1297 4229 1471 4311 susceptus,
1499 4239 1560 4284 cum

536 4329 642 4416 gloria
664 4332 698 4394 et
720 4327 843 4392 honore
865 4326 1017 4392 incuria
1038 4327 1108 4393 eius
1129 4325 1297 4392 remansit
