3567 5800
353 1251 451 1312 Aureo,

353 1320 400 1369 eol.
411 1322 460 1368 ³92
473 1336 481 1377 ς

353 1387 437 1446 Livee,
449 1391 497 1436 ete.

352 1469 376 1517 p.
392 1457 450 1504 107.

354 1519 424 1570 Will.

352 1583 440 1635 Mnlm.
453 1583 480 1632 it

352 1653 368 1718 ς
380 1657 438 1701 224.

351 1743 379 1792 A
390 1744 473 1792 wood-

351 1825 409 1859 man
421 1825 460 1859 re-

351 1877 434 1926 stored
446 1882 472 1925 lo

350 1942 426 2006 sight.

521 825 586 900 274
775 841 838 890 ruo.
862 841 911 890 nn
931 840 1065 894 monuo
1087 841 1175 892 erno
1200 840 1284 893 mer.

937 1131 1018 1198 Cur.
1050 1129 1158 1198 XXX

543 1323 592 1388 Do
613 1343 729 1389 eoeeore
753 1276 931 1409 tiyoorumi
960 1323 1076 1390 orbato
1104 1323 1186 1390 vieo
1209 1343 1274 1410 per
1302 1321 1391 1415 wie
1415 1327 1547 1388 tortum

984 1433 1109 1494 rurae.

567 1617 718 1686 Acomrr
743 1613 921 1705 aliquunde
947 1619 1056 1704 regale
1081 1618 1243 1705 pelotium
1264 1617 1409 1683 oonstrui
1432 1617 1471 1681 in
1495 1617 1570 1683 loeo

522 1720 576 1786 oui
597 1721 783 1788 Bmhehern
804 1743 926 1786 nomen
947 1726 1005 1788 eet
1050 1720 1153 1787 Missa
1174 1726 1226 1788 eet
1247 1721 1412 1808 magistris
1432 1741 1570 1807 operum

521 1823 565 1888 ed
590 1823 682 1911 ligne
705 1824 860 1890 oaedonde
884 1825 1083 1890 metioorum
1108 1846 1178 1890 non
1204 1846 1308 1911 perve
1329 1845 1454 1889 menno
1500 1823 1570 1903 Qui

521 1930 596 2013 poet
619 1927 765 1993 laborem
791 1926 864 1993 cibo
894 1927 1017 2004 retiati,
1048 1950 1122 1994 oum
1149 1926 1199 1992 ool
1227 1927 1410 1993 meridiano
1438 1926 1570 1992 fervore

520 2029 747 2097 inelementiue
779 2035 944 2112 metueret,
977 2030 1040 2096 hue
1081 2036 1183 2119 etque
1211 2032 1290 2096 illue
1335 2031 1473 2117 djnperd
1509 2051 1570 2116 per

520 2133 653 2198 umbrae
674 2133 836 2199 dederuut
857 2134 1006 2199 membre
1034 2134 1146 2220 quieti
1194 2133 1275 2200 Post
1297 2134 1463 2199 modicum
1485 2153 1569 2197 vero

519 2236 635 2300 oeterie
668 2237 712 2302 ed
741 2259 822 2324 opus
855 2237 1041 2302 iniunctum
1073 2237 1225 2304 alacriter
1250 2237 1465 2302 redeuntibus
1486 2235 1568 2300 edo-

518 2338 639 2404 leeoene
675 2339 809 2424 quidem
843 2339 1021 2405 Wilwinue
1054 2341 1187 2406 nomine
1219 2341 1364 2405 surrexit
1396 2361 1419 2428 e
1444 2361 1561 2404 eomno

518 2442 704 2528 opertisque
736 2442 837 2507 oculis
867 2443 951 2510 nibil
987 2443 1130 2509 videliet
1178 2443 1381 2530 Gontorquet
1408 2442 1564 2507 miserum
1655 2502 1659 2509 .

518 2549 617 2630 eeput
650 2545 709 2609 heo
739 2551 839 2632 etque
871 2546 956 2628 illoo,
981 2547 1081 2612 ffioet
1110 2547 1254 2612 frontem
1284 2568 1398 2625 monn,
1428 2543 1564 2632 digitie¹

518 2647 628 2712 oeulos
649 2649 761 2736 tergit,
797 2650 943 2715 sednon
976 2649 1122 2738 extergit
1152 2649 1333 2737 caliginem
1390 2648 1566 2714 Intellexit

517 2751 654 2816 tandem
676 2773 710 2816 ee
732 2751 900 2838 privatum
924 2752 1019 2833 vieu3
1049 2757 1084 2818 et
1115 2775 1194 2818 mox
1216 2754 1253 2818 in
1274 2753 1448 2818 olemorem
1469 2751 1567 2816 leeri-

517 2873 652 2942 meeque
687 2877 909 2943 prorumpens,
949 2856 1052 2922 eooioo
1090 2856 1237 2935 advocet,
1270 2877 1382 2922 eeeum
1419 2853 1565 2942 exponit

517 2956 674 3023 Praebent
705 2958 754 3022 illi
787 2958 882 3045 quele
914 2964 1051 3047 possunt
1082 2959 1152 3024 eius
1173 2958 1364 3025 infelicitati
1385 2958 1564 3034 eolecinm3

516 3080 618 3127 monu
640 3062 797 3127 duoetum
812 3067 1007 3149 praeetentee
1026 3062 1188 3129 reducunt
1210 3063 1253 3127 ed
1274 3062 1415 3150 proprie
1463 3060 1568 3126 Sedet

515 3163 553 3228 iu
574 3164 720 3230 tenebris
742 3171 776 3230 et
795 3166 914 3230 umbre
939 3166 1055 3232 mortis
1078 3165 1173 3231 ennie
1197 3163 1284 3230 duo'
1299 3164 1340 3230 de
1361 3165 1484 3253 viginti
1496 3190 1506 3245 ς
1529 3168 1567 3229 et

517 3272 610 3333 eoeel
634 3264 775 3355 'tempus
806 3268 983 3334 miserendi
1016 3269 1094 3335 eius.
1151 3268 1213 3333 Die
1250 3268 1392 3354 quedem
1428 3267 1568 3334 infeliei-

515 3375 622 3437 tetem
652 3394 745 3437 suem
775 3372 1006 3439 miserabiliter
1028 3372 1213 3459 deploranti
1239 3377 1390 3437 metrone
1412 3370 1563 3457 quredem

516 3473 663 3539 honostae
699 3476 788 3550 vitre,
828 3475 940 3562 gravio
977 3474 1132 3554 moribus,
1165 3476 1322 3540 miserum
1359 3474 1567 3541 ooneoleture

517 3576 662 3640 advenit
709 3576 792 3656 Quae
813 3600 888 3643 oum
912 3578 952 3643 de
975 3582 1068 3644 stetu
1090 3578 1168 3658 eius,
1185 3584 1224 3643 ut
1246 3577 1362 3643 multis
1383 3578 1482 3643 moris
1504 3583 1567 3653 eet,

516 3683 732 3767 percunctatu
747 3679 870 3761 ferisset,
888 3686 923 3746 et
942 3685 982 3745 ut
1001 3681 1058 3746 ille
1080 3686 1179 3771 prout
1198 3686 1281 3746 tuno
1295 3681 1405 3746 animo
1420 3680 1569 3746 habebnt

516 3780 746 3867 respondisset,
783 3787 803 3819 “
818 3782 919 3869 Ego,”
952 3783 1063 3869 inquit
1093 3784 1160 3862 ille,
1195 3792 1213 3818 “
1226 3784 1327 3849 mieee
1355 3806 1428 3849 eum
1460 3782 1503 3848 od
1530 3789 1568 3848 te

516 3882 596 3948 boni
619 3884 732 3948 nuntii
753 3883 882 3962 beiule3
907 3886 995 3971 quod
1017 3886 1046 3951 ei
1067 3884 1169 3951 firerie
1193 3887 1317 3973 ebeque
1345 3886 1414 3951 ullu
1435 3884 1571 3950 dubito·

516 3985 607 4051 tione
639 3992 783 4073 sequtus,
807 3986 872 4052 tibi
902 4008 980 4053 mox
1010 3988 1153 4054 excussis
1183 3988 1328 4056 tenebris
1350 3988 1411 4053 lux
1446 3988 1569 4053 emisse

516 4089 752 4176 reperebitur.'’
797 4090 909 4178 Coepit
930 4091 1028 4158 homo
1050 4092 1190 4180 gentiri‘
1212 4114 1280 4179 prae
1301 4091 1429 4179 gaudio,
1446 4095 1482 4157 et
1497 4092 1570 4155 vir·

516 4195 590 4257 tute
615 4193 740 4258 maiore
763 4193 959 4280 promittens
983 4195 1049 4260 tole
1080 4195 1202 4261 meruit
1223 4218 1245 4260 e
1265 4195 1402 4260 muliere
1431 4215 1567 4281 respon-

516 4314 597 4359 sum.
667 4294 840 4382 “Oportet
878 4293 946 4375 te,’'
984 4297 1102 4384 inquit,
1143 4297 1226 4361 “mi
1263 4296 1375 4377 amice,
1414 4296 1567 4363 eeclesias

516 4418 651 4463 numero
674 4399 845 4485 octoginta
871 4397 971 4465 nudie
993 4400 1132 4487 pedibus
1165 4406 1201 4465 et
1232 4400 1355 4487 ubsque
1381 4400 1477 4465 lineis
1502 4400 1570 4466 cir·

570 4569 576 4573 .
611 4570 718 4575 ....-..--
744 4570 750 4575 .
792 4568 1018 4579 ..--.......-.-.·-.

581 4678 696 4746 wore]
709 4679 877 4746 egrotus.
1031 4678 1223 4815 ¹·9een]
1241 4682 1449 4749 gaeterum
1567 4652 1570 4657 ’

579 4758 666 4825 ²cluo]
684 4760 853 4822 nno‚Ailred.
