3567 5800
512 858 577 920 318
779 871 844 919 rue.
868 869 916 919 nr,
939 870 1070 919 munuc.
1095 870 1183 919 eruc.
1207 870 1293 919 rnsr.

510 1077 660 1141 pronon
689 1061 830 1144 accepto.
887 1056 958 1121 Nec
988 1057 1237 1143 praesumptioni
1268 1054 1326 1120 sed
1355 1054 1436 1119 fidei
1465 1053 1564 1143 oacri-

510 1157 663 1237 bendum,
703 1159 791 1245 quod
821 1160 982 1246 triplicari
1013 1159 1076 1223 aibi
1107 1159 1252 1225 coelestia
1282 1180 1422 1223 munera
1451 1178 1563 1243 preca-

508 1261 614 1327 batur.
662 1262 773 1327 Instat
797 1264 909 1349 igitur,
926 1261 1035 1349 plorat
1056 1266 1091 1327 et
1111 1270 1192 1341 orat,
1216 1262 1313 1327 laetus
1333 1284 1392 1347 pro
1413 1258 1565 1325 bracchio

509 1386 577 1443 suo,
601 1365 659 1429 ced
681 1386 740 1451 pro
762 1370 894 1451 pectore
924 1364 1037 1429 tristis.
1099 1364 1193 1429 Inter
1223 1364 1385 1430 orandum
1409 1368 1521 1428 autem
1545 1384 1563 1427 e

509 1488 640 1552 corpore
681 1468 782 1533 sudor
825 1468 972 1553 copiosus
1018 1466 1189 1552 egrediens
1226 1467 1379 1555 spiritum
1418 1464 1564 1531 reddidit

510 1570 606 1635 solito
631 1570 806 1637 fortiorem.
862 1570 980 1637 Pectus
1011 1570 1129 1635 deinde
1161 1570 1285 1636 coelesti
1316 1569 1462 1656 quodam
1492 1590 1563 1635 rure

509 1672 675 1759 pertisum
698 1675 828 1738 solitam
849 1674 974 1761 recepit
1007 1673 1194 1739 sanitatem.
1253 1673 1433 1759 Supererat
1456 1672 1563 1737 adhuc

508 1776 602 1862 pedis
624 1778 777 1864 angustia
801 1799 876 1862 quae
897 1798 973 1841 eum
991 1775 1131 1840 fratrum
1152 1798 1286 1841 suorum
1307 1778 1466 1841 interesse
1488 1796 1565 1839 con-

508 1880 627 1943 ventui
648 1900 716 1943 non
738 1878 876 1944 sinebat.
932 1876 1051 1965 Itaque
1075 1900 1149 1943 cum
1179 1880 1217 1943 in
1247 1879 1328 1944 cella
1354 1878 1563 1943 infirmorum

402 2056 407 2071 .
507 2002 582 2045 cum
605 1981 669 2046 alio
690 1981 832 2067 quodam
851 1980 978 2046 seniore
997 1980 1216 2061 decumberet,
1237 1982 1290 2046 die
1311 1981 1457 2066 quadam
1478 1982 1563 2046 circe

505 2084 583 2150 solia
612 2106 761 2151 occanum
790 2088 908 2150 mutua
938 2106 972 2149 se
1004 2084 1177 2149 collatione
1214 2085 1377 2162 reficiunt,
1409 2090 1444 2149 et
1475 2084 1564 2149 inter

504 2186 705 2272 loquendum
733 2187 824 2252 beati
854 2188 943 2273 regis
974 2186 1130 2253 Edwardi
1160 2188 1321 2253 virtutem
1359 2188 1457 2253 suavi
1497 2208 1562 2252 eer-

505 2312 602 2355 mone
625 2294 885 2356 commemorant.
944 2290 1036 2355 Tunc
1062 2291 1118 2355 ille
1140 2292 1198 2377 qui
1220 2290 1287 2355 iam
1308 2291 1420 2355 fuerat
1439 2288 1563 2375 duplici

505 2393 620 2458 morbo
654 2398 797 2473 curatus,
822 2392 967 2472 “Quam
1002 2391 1154 2479 magna,’'
1190 2394 1312 2479 inquit,
1346 2391 1562 2456 “multitudo

506 2496 664 2580 potentiae
687 2497 767 2575 eiua,
798 2494 902 2560 frater
916 2496 1090 2575 carissime,
1122 2516 1221 2581 quam
1253 2516 1314 2582 ego
1343 2499 1498 2582 peccator
1526 2494 1563 2557 in

506 2598 698 2684 memetipso
730 2602 886 2684 expertus
921 2598 1027 2663 audeo
1062 2598 1170 2664 dicere
1201 2598 1288 2683 quia,
1313 2598 1471 2683 quicquid
1506 2618 1563 2661 vo·

502 2698 614 2779 luerit,
639 2724 659 2764 a
681 2699 826 2765 Domino
849 2701 922 2766 Deo
953 2722 1011 2766 suo
1042 2700 1137 2766 facile
1167 2698 1389 2787 impetrabit.”
1452 2700 1561 2765 Sicci

506 2803 700 2867 miraculum
738 2803 826 2889 quod
877 2804 915 2868 in
960 2826 993 2868 se
1038 2803 1147 2868 fuerat
1185 2808 1337 2890 operatus
1382 2824 1559 2889 exponens,

508 2907 624 2993 pedem
647 2909 799 2972 extendit
822 2907 1024 2972 intolerabili
1049 2908 1191 2994 quodam
1216 2913 1344 2972 tumore
1369 2906 1558 2982 deformem,

509 3016 543 3075 et
560 3019 577 3044 “
594 3010 631 3076 Si
653 3009 768 3086 hunc,''
792 3010 852 3088 ait,
875 3009 1000 3074 “mihi
1023 3009 1139 3096 pedem
1162 3009 1294 3075 sublato
1317 3008 1430 3074 dolore
1452 3031 1562 3074 sanna-

508 3119 566 3191 oet,
598 3113 683 3177 nihil
721 3118 771 3177 est
803 3111 891 3198 quod
921 3111 1060 3178 ulterius
1103 3115 1144 3177 ab
1186 3134 1224 3178 eo
1261 3113 1442 3198 petendum
1473 3111 1561 3177 aesti-

508 3215 673 3281 massem.’'
719 3215 784 3280 His
810 3237 844 3280 ee
874 3215 1080 3280 sermonibus
1107 3216 1319 3296 consolantes,
1348 3217 1416 3281 sole
1445 3221 1560 3280 ruente

508 3319 637 3385 lectulis
660 3341 728 3383 sese
751 3319 922 3404 recipiunt.
981 3317 1078 3382 Mane
1101 3324 1212 3383 autem
1234 3319 1321 3384 facto
1344 3341 1484 3406 surgens
1506 3318 1561 3382 ille

508 3424 560 3487 cui
589 3445 647 3510 pes
677 3422 833 3502 doluerat,
864 3421 962 3487 solito
993 3443 1128 3486 manum
1155 3424 1294 3509 apponit
1323 3423 1471 3487 tumori:
1504 3422 1560 3486 sed

508 3525 591 3588 nihil
613 3526 650 3588 in
672 3525 754 3612 pede
776 3525 864 3610 quod
889 3524 946 3588 vel
974 3529 1119 3590 tumeret
1141 3527 1196 3590 vel
1226 3525 1351 3590 doleret
1374 3525 1557 3596 inveniens,

508 3628 610 3692 sensit
632 3649 666 3692 ee
689 3649 747 3713 per
768 3627 905 3692 beatum
930 3647 1040 3713 regem
1071 3627 1274 3692 Edwardum
1297 3627 1451 3714 perfecta
1474 3627 1560 3692 sani-

507 3731 573 3796 tati
595 3731 761 3795 donatum.
807 3729 983 3796 Exclamat
1005 3751 1079 3795 cum
1100 3731 1228 3817 gaudio,
1246 3736 1280 3795 et
1300 3731 1447 3816 pandens
1465 3731 1559 3795 sociis

507 3839 576 3898 tam
599 3832 730 3898 eoeleste
760 3831 957 3897 miraculum
987 3832 1031 3897 ad
1061 3833 1242 3899 amandum
1271 3833 1400 3898 dulcius
1428 3839 1463 3898 et
1488 3833 1558 3896 lau-

508 3937 654 4002 dandum
700 3936 854 4001 devotius
892 3941 927 4000 et
965 3937 1148 4023 expressius
1195 3935 1425 4002 extollendum
1466 3935 1555 4000 tenti

507 4039 617 4105 meriti
639 4044 817 4126 patronum
840 4039 987 4104 omnitun
1011 4040 1108 4104 eorda
1130 4040 1316 4106 commovit.
