3567 5800
499 864 565 926 220
759 877 829 927 arc.
852 878 900 925 us
922 876 1057 928 ursano.
1080 876 1168 929 senc.
1192 876 1282 928 ursr.

499 1086 572 1129 mea
596 1064 689 1151 virgo
711 1068 746 1129 et
778 1068 885 1129 mater
908 1060 1046 1128 Domini
1069 1062 1143 1142 mei,
1177 1061 1366 1139 succurrite,
1389 1062 1555 1147 quatinus

500 1166 546 1233 sic
584 1166 736 1233 maritale
785 1164 961 1253 suscipiam
999 1170 1251 1242 sacramentum,
1298 1168 1338 1229 ut
1382 1162 1557 1252 pudicitiae

499 1269 680 1356 periculum
702 1290 770 1334 non
791 1266 985 1334 incurram.’'

545 1370 633 1456 Regu
655 1371 760 1457 igitur
780 1391 952 1457 procerum
968 1368 1134 1435 voluntati
1155 1390 1348 1435 consensum
1370 1368 1552 1456 praebente,

498 1474 708 1560 quaerebatur
738 1472 842 1559 virgo,
876 1494 950 1558 quae
980 1472 1105 1537 scilicet
1136 1471 1238 1558 digna
1269 1471 1314 1537 sit
1352 1475 1423 1535 tam
1462 1472 1555 1536 clara

497 1576 658 1641 natalium
695 1576 857 1662 prosapia,
895 1596 970 1661 quse
1007 1579 1042 1639 et
1085 1574 1256 1660 sauguinis
1293 1573 1470 1639 nobilitate
1514 1580 1555 1641 et

498 1700 627 1743 morum
649 1678 812 1765 elegantia
833 1699 871 1742 ac
892 1676 1068 1742 honestate
1089 1680 1185 1741 tanto
1208 1674 1279 1763 regi
1300 1675 1338 1741 in
1359 1676 1553 1763 coniugium

497 1780 619 1845 assumi
642 1785 677 1846 ct
700 1780 833 1846 Divinas
855 1778 1022 1845 unctionis
1057 1777 1127 1844 oleo
1161 1782 1201 1843 ut
1226 1778 1314 1867 regis
1338 1800 1491 1866 sponsam
1514 1784 1555 1845 et

497 1882 683 1970 Anglorum
704 1883 853 1969 reginam
875 1902 935 1968 per
968 1880 1290 1947 administrationem
1324 1880 1553 1968 pontificalem

496 1986 650 2072 perfimdi
682 1990 717 2051 et
738 2007 812 2072 quae
843 1984 933 2049 tanti
964 1984 1051 2071 regis
1084 1988 1170 2049 esset
1203 1988 1283 2071 apta
1313 1984 1550 2071 complexibus.

497 2088 564 2153 Sed
595 2088 767 2153 miserator
801 2092 837 2152 et
858 2084 1043 2151 misericors
1066 2084 1238 2166 Dominus,
1261 2086 1355 2151 dives
1377 2086 1414 2151 iu
1435 2108 1552 2153 omnes

497 2190 555 2276 qui
576 2190 734 2256 invocant
767 2188 868 2253 Illum
902 2188 939 2252 iu
961 2188 1113 2265 veritate,
1148 2188 1264 2254 nolens
1297 2209 1430 2254 servum
1451 2210 1551 2254 suum

496 2291 700 2358 Edwardum
731 2292 833 2357 titulo
866 2290 1030 2355 castitatis
1053 2310 1154 2379 quam
1175 2290 1243 2357 fine
1279 2296 1376 2357 tenus
1410 2290 1552 2357 deliber-

495 2395 575 2460 abat
607 2394 846 2460 observandam
880 2392 988 2459 colors
1021 2392 1167 2479 coniugii
1201 2393 1334 2480 privari,
1357 2393 1458 2458 talem
1481 2394 1549 2459 sibi

494 2496 725 2585 praeelegerat¹
765 2497 938 2584 coniugem
987 2494 1145 2577 futuram,
1178 2518 1253 2583 quae
1293 2502 1328 2561 et
1370 2496 1550 2563 nobilitate

494 2600 664 2687 sanguinis
687 2598 897 2687 praefulgeret
931 2603 966 2664 et
998 2599 1099 2685 regiae
1125 2598 1275 2664 castitati
1302 2600 1551 2685 promptissima

493 2701 666 2768 voluntate
688 2706 868 2787 spontanae
890 2700 1098 2766 consentiret
1155 2700 1315 2781 Quocirca
1350 2706 1549 2789 cooperante

493 2803 603 2891 gratia
625 2803 751 2867 Divina
772 2801 865 2867 nulla
881 2802 1018 2889 petebat
1039 2804 1216 2869 necessitas
1238 2802 1280 2869 ob
1295 2803 1356 2869 hoc
1377 2804 1548 2891 negotium

493 2906 698 2972 transfretari
735 2905 853 2984 maria,
890 2905 990 2993 longa
1033 2911 1198 2972 terrarum
1247 2907 1378 2974 circuiri
1427 2907 1548 2994 spatia,

407 3073 417 3088 ‚
494 3014 625 3075 exterus
662 3031 736 3074 cum
770 3006 914 3094 periculo
946 3007 1033 3072 adiri
1066 3007 1237 3095 regiones3
1271 3008 1429 3074 barbaras
1461 3031 1548 3096 prce-

495 3111 650 3198 temptari
673 3111 831 3176 nationes
891 3110 979 3174 Nam
1003 3111 1088 3175 sicut
1111 3110 1176 3176 Dei
1210 3110 1317 3198 pietas
1340 3133 1383 3176 ex
1406 3112 1548 3178 eadem²

494 3214 679 3301 Anglorum
711 3218 811 3299 geute
846 3212 1001 3276 innatum
1035 3218 1070 3276 et
1104 3212 1290 3278 naturalem
1324 3235 1435 3302 regem
1465 3237 1549 3302 pne-

493 3317 632 3394 stiterat,
656 3317 707 3380 ita
729 3314 831 3379 etiam
857 3315 946 3378 inter
968 3313 1153 3400 Auglorum
1176 3313 1264 3380 filias
1288 3315 1365 3382 huic
1390 3317 1547 3404 coniugio

494 3419 630 3505 diguam
660 3418 727 3484 suis
757 3417 963 3483 documentis
993 3423 1194 3502 paraverat;
1232 3417 1286 3482 cui
1312 3425 1347 3483 et
1383 3420 1548 3486 natalium

493 3521 624 3587 claritas
653 3542 721 3585 non
751 3519 887 3596 abesset,
919 3523 953 3584 et
983 3524 1091 3583 cetera
1121 3540 1196 3605 quas
1227 3525 1360 3586 tantum
1391 3521 1545 3588 decerent

493 3629 603 3688 torum
618 3622 749 3688 abunde
763 3625 978 3708 superessent.
1026 3619 1109 3686 Erat
1125 3620 1216 3687 inter
1231 3627 1386 3709 potentes
1402 3623 1544 3711 Angliae,

494 3731 533 3790 ut
563 3726 718 3804 diximus,
755 3725 902 3788 omnium
932 3723 1185 3809 potentissimus
1215 3745 1322 3790 comes
1354 3723 1545 3808 (lodwinus,

493 3828 586 3893 cuius
615 3849 715 3913 supra
738 3826 949 3890 meminimus
975 3826 1118 3912 saepius;
1144 3827 1199 3891 vir
1212 3849 1410 3915 magnarum
1435 3850 1545 3916 opum,

493 3930 550 3996 sed
590 3929 722 3994 astutias
764 3927 950 4014 singularis,
982 3927 1074 3993 cuius
1112 3929 1317 4015 proditiones
1358 3928 1446 3995 idem
1485 3953 1547 3997 rex

493 4032 679 4097 Edwardus
725 4029 893 4118 quondam
940 4031 1084 4096 maxime
1129 4030 1341 4097 formidabat.
1413 4031 1547 4100 Habuit

490 4140 602 4200 autem
632 4132 721 4198 idem
751 4133 933 4198 (lodwinus
962 4131 1067 4198 filiam
1105 4155 1180 4220 quae
1209 4133 1315 4200 maior
1351 4139 1436 4200 natu
1472 4143 1546 4202 erat

490 4237 623 4302 nomine
660 4235 827 4301 Editham.
890 4234 968 4313 Sed,
1010 4235 1119 4301 ‘sicut
1149 4236 1244 4323 spina
1272 4257 1393 4314 rosam,
1426 4238 1545 4325 genuit

492 4341 678 4408 Godwinus
704 4338 886 4406 micham?
942 4339 1026 4420 Quae
1051 4339 1185 4426 quidem
1209 4361 1252 4406 ex
1276 4341 1348 4427 ipso
1376 4341 1544 4408 Godwino

491 4443 609 4508 babuit
639 4443 861 4510 substantium
891 4443 1009 4523 caruis,
1040 4443 1096 4508 sed
1123 4466 1144 4508 a
1170 4442 1235 4508 Dei
1259 4445 1391 4530 Spiritu
1420 4446 1544 4533 magis-

557 4757 564 4788 ¹
574 4755 744 4822 preeleperot]
757 4757 948 4822 praelegatis.
998 4761 1002 4808 Ι
1095 4757 1211 4826 eaodem]
1225 4763 1340 4824 crudem,
1351 4762 1407 4814 MS.
