3567 5800
429 919 477 969 nr
498 919 616 969 ousrls
638 918 761 969 resurr
785 917 976 967 Arcu—ru
1004 906 1029 964 l.
1188 904 1248 967 199

249 1397 386 1462 Iucrrrr
407 1395 519 1481 unm
542 1397 712 1477 Qornrns
736 1395 887 1461 Srrcunr
911 1393 1137 1459 Hrsrorrrsrns
1158 1410 1205 1459 nn

489 1497 613 1565 Grsrrs
637 1498 767 1565 Renum
788 1500 947 1565 Auens.

245 1689 278 1755 A
299 1684 408 1755 Persio
436 1692 613 1757 monarcha
645 1691 775 1779 imperii
798 1690 985 1779 Anglioani,
1018 1687 1173 1755 videlicet
1202 1688 1244 1753 ab
1258 1702 1408 1757 Theseum

210 1791 413 1859 invictissimo
434 1816 510 1881 rege
531 1792 717 1883 Anglorum
733 1794 868 1861 Aliredo
890 1792 961 1859 sive
976 1790 1130 1868 Aluredo,
1153 1770 1373 1891 gestaffgffig

210 1916 309 1981 regum
329 1895 521 1985 Anglormn,
535 1901 635 1984 prout
659 1898 837 1985 potuimus,
850 1896 1030 1963 secundum
1053 1892 1245 1961 relationem
1258 1904 1300 1953 lire
1312 1906 1401 1957 ormo·

211 1998 413 2065 veridicorum
433 2000 505 2067 Deo
531 2001 741 2087 dispensante
767 2001 803 2066 in
828 2000 928 2065 Libro
952 1998 1063 2065 Tertio
1086 1998 1244 2065 Historiae
1257 1973 1403 2107 fflefflk·

210 2106 317 2167 nostrae
340 2107 541 2190 pertrectare
566 2104 759 2169 curavimus
819 2101 885 2171 Sed
909 2102 976 2167 iam
1003 2106 1152 2189 tempora
1176 2100 1247 2167 feli·

211 2305 385 2395 Aetheling,
415 2310 505 2394 quod
531 2308 651 2374 Latine
680 2318 777 2375 sonat
803 2307 924 2374 nobilis
951 2306 1045 2397 (nam
1069 2306 1249 2393 Aetheling

212 2408 335 2497 Anglioe
383 2410 453 2475 sive
490 2410 653 2477 Saxonice
693 2410 872 2477 secundum
907 2410 1032 2477 idioma
1073 2409 1248 2497 antiquum

213 2510 318 2578 latine
342 2512 465 2580 dicitur
489 2513 634 2603 nobilis),
661 2513 833 2579 Ethelredi
855 2512 1042 2601 Anglorum
1072 2512 1158 2599 regis
1187 2512 1246 2577 filii

212 2614 409 2703 attingentes,
468 2615 615 2683 Tertium
674 2616 812 2683 Librum
865 2620 1017 2681 nostrum
1076 2616 1248 2703 praesentis

213 2714 360 2785 Historiae
389 2718 443 2783 hio
478 2718 574 2785 finire
604 2718 818 2799 decrevimus,
842 2723 876 2786 et
902 2718 1066 2801 Quartum
1091 2717 1248 2785 Historiae

213 2824 322 2888 nostroe
350 2820 494 2887 Librum
524 2844 545 2887 a
575 2821 718 2909 glorioso
749 2844 824 2910 rege
855 2821 1021 2889 Edwardo
1050 2820 1247 2899 inchoantes,

213 2923 338 2990 eundem
378 2924 534 2992 videlicet
574 2925 680 3012 operis
719 2925 826 2993 nostri
864 2925 989 2992 librum
1028 2929 1185 3014 quartum
1214 2925 1250 2990 in

211 3024 294 3092 iretis
315 3032 351 3094 et
374 3028 540 3094 miraculis
567 3028 713 3095 eiusdem
736 3028 871 3116 gloriosi
890 3029 977 3116 regis
1001 3031 1036 3094 et
1059 3025 1249 3094 confessoris

212 3133 332 3196 tentum
357 3131 542 3198 continuari
569 3131 846 3212 deliberavimus3
869 3133 963 3198 cuius
982 3130 1055 3196 vita
1071 3153 1091 3196 a
1106 3130 1251 3218 pueritia
1352 3191 1355 3200 .

213 3229 389 3298 incenium
413 3233 596 3300 innumeris
622 3233 708 3300 clare
731 3233 896 3322 refulgens
919 3233 1091 3309 miraculis,
1114 3233 1249 3299 cuilibet

213 3354 276 3398 eam
306 3335 480 3422 diligenter
515 3335 663 3402 intuenti
703 3337 746 3402 ed
788 3336 1055 3402 exercitationem
1085 3337 1249 3402 virtutum

213 3441 332 3522 gratum
346 3437 490 3506 conferet
516 3438 733 3520 incentivum,
746 3443 845 3528 prout
860 3438 1031 3526 sequentia
1053 3437 1249 3507 luculentius

214 3537 420 3608 declarabunt

655 3855 735 3924 Cer.
757 3857 785 3923 Ι.

275 4057 367 4140 cere
388 4059 550 4128 naturale
565 4059 680 4148 fcerit
702 4060 895 4131 cartesae
917 4064 989 4150 rapi
1011 4065 1185 4132 Eduardo

392 4163 504 4230 Tertio
526 4170 556 4230 et
578 4185 688 4250 repara
701 4165 817 4252 fuisse
838 4171 869 4232 et
889 4173 1057 4234 eandum.

254 4377 361 4446 Gran
384 4379 612 4469 gloriosissimi
636 4381 722 4468 regis
746 4387 781 4448 et
806 4382 995 4448 confessoris
1022 4383 1179 4451 Edwardi
1209 4387 1252 4454 ad

214 4476 382 4564 legentium
420 4482 603 4549 utilitatem
639 4482 820 4550 describere
851 4491 1081 4572 proponentes,
1113 4487 1152 4552 de
1183 4488 1252 4554 eius

213 4579 351 4647 infantiae
376 4585 565 4673 primordiis
589 4589 624 4652 et
648 4587 689 4652 de
715 4587 835 4673 quibus
860 4588 960 4653 etiam
987 4589 1092 4654 carnis
1113 4593 1253 4657 traxerit

212 4683 360 4770 originem
396 4687 434 4752 in
467 4709 563 4774 opere
599 4689 752 4775 praesenti
790 4691 946 4775 primitus
985 4692 1140 4758 duximus
1180 4717 1253 4780 per-

211 4786 422 4856 tractandum.
469 4791 514 4856 Et
543 4790 590 4854 sic
615 4791 792 4856 sumsive
816 4798 958 4858 virtutes
987 4795 1057 4860 eius
1086 4801 1122 4860 et
1154 4798 1253 4864 mira·
