3567 5800
329 937 332 946 ·
447 915 494 966 nr
515 915 629 966 omns
651 917 771 970 nroun
793 915 992 970 ason-nr
1008 901 1039 983 7,
1056 907 1086 970 8.
1227 907 1272 972 49

220 1099 366 1167 navibus
395 1101 605 1191 naufragium
630 1103 846 1192 pertulerrmt.
892 1105 985 1188 Quos
1013 1103 1160 1172 ministri
1187 1106 1273 1195 regis

220 1204 535 1291 comprehendentes
564 1212 600 1273 et
628 1207 770 1274 vinculis
796 1207 976 1275 artioribus
1001 1209 1273 1298 constringentes,

222 1307 299 1394 ipso
320 1329 396 1394 rege
418 1308 555 1375 iubente
577 1331 690 1376 ornnes
712 1310 863 1398 patibulo
885 1312 1136 1399 suspenderunt.

272 1409 400 1476 Deinde
422 1411 512 1476 omui
533 1416 679 1499 tempore
702 1435 767 1500 quo
788 1434 847 1479 rex
869 1414 1064 1500 supervixit,
1082 1437 1221 1504 regnum
1236 1415 1273 1481 in

221 1533 305 1599 pace
333 1517 479 1580 mactans
508 1517 600 1580 totus
629 1513 881 1582 conversabatur
910 1516 947 1582 in
976 1517 1274 1584 restaurationibus

222 1613 440 1694 eeclesiarum,
466 1614 503 1680 in
532 1607 707 1705 largitione¹
736 1618 1028 1707 eleemosynarum,
1052 1619 1090 1686 in
1118 1621 1275 1710 composi-

224 1716 317 1783 tione
345 1717 464 1806 legum,
495 1718 614 1806 quibus
643 1720 820 1787 milvorum
850 1722 1013 1810 rapacitas
1041 1718 1276 1812 reprimeretur

224 1823 263 1886 et
284 1819 425 1908 simplex
447 1819 593 1888 fidelium
616 1821 748 1918 devotio
770 1823 968 1892 firmaretur.

645 2158 725 2228 OAP.
750 2157 850 2226 VIII.

227 2343 279 2411 Dc
303 2349 408 2413 moro
430 2345 572 2434 Alfrcdi
595 2346 665 2415 eive
698 2345 852 2416 Aloredi
881 2344 974 2432 req-is
999 2345 1134 2432 oloqui,
1159 2341 1275 2434 primi
1286 2381 1444 2450 mm

573 2449 765 2520 tumturcboe
785 2449 935 2535 Aoqlioe.
1287 2451 1421 2569 qums

273 2639 379 2708 Asso
416 2640 552 2708 Domini
588 2639 875 2729 noningentesimo
911 2638 1182 2708 clementissimus
1215 2661 1275 2708 rex
1287 2583 1426 2716 iiiiii

228 2742 413 2830 Anglorum
437 2741 594 2810 Alfredus
623 2743 693 2810 sive
720 2743 898 2824 Aluredus,
925 2751 1100 2830 postquam
1129 2743 1277 2810 undetri-
1288 2747 1415 2799 neruos

228 2847 324 2933 ginta
349 2846 444 2912 annis
470 2851 504 2913 st
526 2846 693 2913 mensibus
716 2869 775 2913 sex
800 2869 941 2935 regnum
966 2848 1135 2927 tenuisset,
1158 2813 1412 2965 quintam

229 2946 388 3015 kalendas
418 2948 623 3028 Novembris,
655 2954 775 3037 quartu
810 2950 900 3031 feris,
935 2948 1117 3016 indictione
1150 2950 1275 3037 quinta,
1288 2972 1348 3038 (ny,

230 3072 289 3139 pro
317 3072 418 3137 regno
447 3052 620 3139 temporali
649 3053 865 3119 commutavit
895 3058 1066 3134 reternum
1121 3038 1399 3175 Sepultus⁰⁰tu²l

229 3160 281 3219 est
310 3160 421 3220 autem
443 3152 676 3241 Wyntoniae
665 3176 703 3219 rn
732 3176 820 3221 novo
849 3155 1060 3235 monasterio,
1090 3154 1217 3240 quod
1207 3123 1316 3241 rpseH
1288 3139 1413 3241 subse

228 3256 436 3337 fundaverat,
460 3260 495 3322 et
516 3255 602 3322 stolo
623 3255 730 3323 beetse
752 3256 1016 3323 immortalitatis
1036 3256 1195 3337 indutus3
1217 3256 1423 3321 ubiwinehes-

228 3358 414 3444 generalem
437 3363 590 3445 expectat
612 3358 888 3437 resurrectionem,
913 3364 994 3424 tuno
1022 3358 1146 3423 ibidem
1168 3306 1333 3423 dimenso

229 3460 442 3525 coronandus
487 3459 703 3547 Epitaphium
737 3461 826 3526 enirn
857 3459 962 3547 ipsius
992 3460 1030 3525 in
1059 3459 1177 3526 tumba
1205 3459 1276 3526 eius

228 3562 393 3649 conscript
393 3586 450 3629 urn
472 3567 522 3629 est
545 3562 619 3629 tale.

680 3698 817 3761 Versus.
1287 3700 1447 3755 Henfflmrt.

312 3802 463 3865 Nobilitas
482 3804 588 3865 innata
606 3804 664 3865 tibi
686 3805 844 3883 probitatis
863 3804 1016 3879 horrorem,
1289 3768 1357 3884 fig?
1369 3775 1427 3820 ⁹⁰¹·

312 3896 505 3975 Armipotens
527 3898 668 3971 Alurede,
689 3896 781 3970 dedit,
802 3896 995 3975 probitasque
1014 3897 1156 3973 laborem,
1288 3901 1397 3967 epiupls

312 3990 551 4068 Perpetuumque
571 3990 656 4051 labor
676 4008 792 4063 nornen,
814 3992 863 4049 oui
883 3992 980 4050 mixto
1001 3992 1094 4051 dolori

312 4080 450 4161 [Gaudia
468 4102 584 4161 semper
604 4090 697 4157 erant,
718 4102 785 4161 spes
805 4102 922 4161 sempor
941 4084 1039 4143 mixta
1058 4075 1200 4163 timori.]¹

314 4174 346 4235 Si
366 4176 454 4235 modo
474 4177 573 4236 victus
593 4184 667 4249 erat,
689 4177 727 4235 od
747 4177 879 4235 crastino
899 4174 980 4235 bella
999 4176 1127 4254 parabat
1138 4199 1148 4245 ς

314 4265 346 4327 Si
365 4269 453 4327 modo
472 4268 571 4329 victor
590 4276 664 4343 erat,
686 4268 724 4327 sd
744 4268 878 4328 crastina
897 4266 978 4327 bolla
997 4268 1136 4345 pavebat.

312 4358 376 4420 Iam
396 4368 464 4438 post
483 4368 649 4422 transactos
668 4361 755 4440 regni
775 4362 905 4437 vittaque
922 4359 1040 4421 labores

313 4452 452 4514 Christus
471 4456 499 4515 ei
521 4456 560 4513 sit
579 4473 653 4515 reru
672 4456 757 4531 quies
778 4463 989 4532 sceptrumque
1008 4472 1148 4531 perenne.

264 4717 511 4773 'Gaudio-tison'.
563 4720 685 4789 supplied
705 4720 732 4772 lrr
754 4722 798 4775 the
821 4720 923 4791 margin
942 4723 978 4790 by
997 4722 1109 4775 Thomas
1124 4722 1217 4786 Bake,
1234 4724 1279 4775 the

230 4798 453 4867 antiquamm
463 4800 552 4855 Assos.

328 4908 401 4959 VOL.
418 4911 454 4960 11.
1119 4912 1144 4961 D
