<?xml version="1.0" encoding="UTF-8"?>
<!DOCTYPE html PUBLIC "-//W3C//DTD XHTML 1.0 Transitional//EN"
    "http://www.w3.org/TR/xhtml1/DTD/xhtml1-transitional.dtd">
<html xmlns="http://www.w3.org/1999/xhtml" xml:lang="en" lang="en">
 <head>
  <title>
</title>
<meta http-equiv="Content-Type" content="text/html;charset=utf-8" />
  <meta name='ocr-system' content='tesseract 3.04.00' />
  <meta name='ocr-capabilities' content='ocr_page ocr_carea ocr_par ocr_line ocrx_word'/>
</head>
<body>
  <div class='ocr_page' id='page_1' title='image "./speculumhistori00mayogoog_0070.png"; bbox 0 0 3567 5800; ppageno 0'>
   <div class='ocr_carea' id='block_1_1' title="bbox 718 865 877 918">
    <p class='ocr_par' dir='ltr' id='par_1_1' title="bbox 718 865 877 918">
     <span class='ocr_line' id='line_1_1' title="bbox 718 865 877 918; baseline 0.044 -6"><span class='ocrx_word' id='word_1_1' title='bbox 718 865 877 918; x_wconf 64' lang='lat' dir='ltr'><strong>PREFAOE,</strong></span> 
     </span>
    </p>
   </div>
   <div class='ocr_carea' id='block_1_2' title="bbox 267 1031 772 1676">
    <p class='ocr_par' dir='ltr' id='par_1_2' title="bbox 267 1031 772 1676">
     <span class='ocr_line' id='line_1_2' title="bbox 269 1031 770 1106; baseline 0.004 -16"><span class='ocrx_word' id='word_1_2' title='bbox 269 1043 373 1105; x_wconf 84' lang='lat' dir='ltr'><strong>suopte</strong></span> <span class='ocrx_word' id='word_1_3' title='bbox 386 1031 457 1106; x_wconf 72' lang='lat' dir='ltr'><strong>[sie]</strong></span> <span class='ocrx_word' id='word_1_4' title='bbox 470 1041 629 1090; x_wconf 81' lang='lat' dir='ltr'><strong>tonuerunt</strong></span> <span class='ocrx_word' id='word_1_5' title='bbox 637 1035 770 1102; x_wconf 83' lang='lat' dir='ltr'><strong>Romani,</strong></span> 
     </span>
     <span class='ocr_line' id='line_1_3' title="bbox 268 1117 772 1188; baseline 0.01 -18"><span class='ocrx_word' id='word_1_6' title='bbox 268 1123 303 1171; x_wconf 90' lang='lat' dir='ltr'><strong>ut</strong></span> <span class='ocrx_word' id='word_1_7' title='bbox 347 1117 515 1188; x_wconf 70' lang='lat' dir='ltr'><strong>posteritati</strong></span> <span class='ocrx_word' id='word_1_8' title='bbox 557 1117 772 1175; x_wconf 76' lang='lat' dir='ltr'><strong>innotescerent</strong></span> 
     </span>
     <span class='ocr_line' id='line_1_4' title="bbox 268 1200 771 1274; baseline 0.004 -19"><span class='ocrx_word' id='word_1_9' title='bbox 268 1200 400 1271; x_wconf 86' lang='lat' dir='ltr'><strong>ejusdem</strong></span> <span class='ocrx_word' id='word_1_10' title='bbox 412 1207 444 1256; x_wconf 91' lang='lat' dir='ltr'><strong>et</strong></span> <span class='ocrx_word' id='word_1_11' title='bbox 450 1200 570 1256; x_wconf 82' lang='lat' dir='ltr'><strong>nomina</strong></span> <span class='ocrx_word' id='word_1_12' title='bbox 578 1211 609 1258; x_wconf 91' lang='lat' dir='ltr'><strong>et</strong></span> <span class='ocrx_word' id='word_1_13' title='bbox 617 1202 771 1274; x_wconf 79' lang='lat' dir='ltr'><strong>subjectio.</strong></span> 
     </span>
     <span class='ocr_line' id='line_1_5' title="bbox 268 1285 772 1357; baseline 0.006 -19"><span class='ocrx_word' id='word_1_14' title='bbox 268 1285 398 1340; x_wconf 85' lang='lat' dir='ltr'><strong>cursorio</strong></span> <span class='ocrx_word' id='word_1_15' title='bbox 418 1285 573 1356; x_wconf 83' lang='lat' dir='ltr'><strong>hueusque</strong></span> <span class='ocrx_word' id='word_1_16' title='bbox 592 1286 688 1351; x_wconf 85' lang='lat' dir='ltr'><strong>oeulo,</strong></span> <span class='ocrx_word' id='word_1_17' title='bbox 702 1304 772 1357; x_wconf 86' lang='lat' dir='ltr'><strong>qua-</strong></span> 
     </span>
     <span class='ocr_line' id='line_1_6' title="bbox 267 1366 771 1441; baseline 0.006 -20"><span class='ocrx_word' id='word_1_18' title='bbox 267 1366 306 1422; x_wconf 88' lang='lat' dir='ltr'><strong>lis</strong></span> <span class='ocrx_word' id='word_1_19' title='bbox 335 1368 390 1422; x_wconf 91' lang='lat' dir='ltr'><strong>sub</strong></span> <span class='ocrx_word' id='word_1_20' title='bbox 418 1367 618 1424; x_wconf 76' lang='lat' dir='ltr'><strong>Romanorum</strong></span> <span class='ocrx_word' id='word_1_21' title='bbox 648 1368 771 1441; x_wconf 89' lang='lat' dir='ltr'><strong>imperio</strong></span> 
     </span>
     <span class='ocr_line' id='line_1_7' title="bbox 270 1449 768 1514; baseline 0.004 -10"><span class='ocrx_word' id='word_1_22' title='bbox 270 1454 343 1514; x_wconf 83' lang='lat' dir='ltr'><strong>eret,</strong></span> <span class='ocrx_word' id='word_1_23' title='bbox 368 1449 541 1507; x_wconf 68' lang='lat' dir='ltr'><strong>Brittaniam</strong></span> <span class='ocrx_word' id='word_1_24' title='bbox 566 1451 768 1508; x_wconf 71' lang='lat' dir='ltr'><strong>lustravimus.</strong></span> 
     </span>
     <span class='ocr_line' id='line_1_8' title="bbox 268 1533 770 1606; baseline 0.004 -18"><span class='ocrx_word' id='word_1_25' title='bbox 268 1538 362 1588; x_wconf 82' lang='lat' dir='ltr'><strong>restet</strong></span> <span class='ocrx_word' id='word_1_26' title='bbox 398 1539 433 1588; x_wconf 89' lang='lat' dir='ltr'><strong>ut</strong></span> <span class='ocrx_word' id='word_1_27' title='bbox 472 1533 560 1606; x_wconf 86' lang='lat' dir='ltr'><strong>parili</strong></span> <span class='ocrx_word' id='word_1_28' title='bbox 597 1534 770 1606; x_wconf 84' lang='lat' dir='ltr'><strong>compendio</strong></span> 
     </span>
     <span class='ocr_line' id='line_1_9' title="bbox 268 1613 768 1676; baseline 0.006 -5"><span class='ocrx_word' id='word_1_29' title='bbox 268 1613 768 1676; x_wconf 76' lang='lat' dir='ltr'><strong>Geledoniorumterrasluatremus.</strong></span> 
     </span>
    </p>
   </div>
   <div class='ocr_carea' id='block_1_3' title="bbox 386 1811 641 1879">
    <p class='ocr_par' dir='ltr' id='par_1_3' title="bbox 386 1811 641 1879">
     <span class='ocr_line' id='line_1_10' title="bbox 386 1811 641 1879; baseline 0.008 -3"><span class='ocrx_word' id='word_1_30' title='bbox 386 1812 438 1878; x_wconf 85' lang='lat' dir='ltr'><strong>De</strong></span> <span class='ocrx_word' id='word_1_31' title='bbox 453 1811 641 1879; x_wconf 69' lang='lat' dir='ltr'><strong>Caledonia</strong></span> 
     </span>
    </p>
   </div>
   <div class='ocr_carea' id='block_1_4' title="bbox 263 1961 1319 4605">
    <p class='ocr_par' dir='ltr' id='par_1_4' title="bbox 263 1961 1319 4605">
     <span class='ocr_line' id='line_1_11' title="bbox 303 1961 1319 2038; baseline 0.006 -20"><span class='ocrx_word' id='word_1_32' title='bbox 303 1961 375 2029; x_wconf 78' lang='lat' dir='ltr'><strong>Lo,</strong></span> <span class='ocrx_word' id='word_1_33' title='bbox 395 1962 467 2032; x_wconf 72' lang='lat' dir='ltr'><strong>§tu</strong></span> <span class='ocrx_word' id='word_1_34' title='bbox 502 1963 586 2020; x_wconf 85' lang='lat' dir='ltr'><strong>Liest</strong></span> <span class='ocrx_word' id='word_1_35' title='bbox 606 1969 669 2020; x_wconf 85' lang='lat' dir='ltr'><strong>tots</strong></span> <span class='ocrx_word' id='word_1_36' title='bbox 689 1963 770 2021; x_wconf 80' lang='lat' dir='ltr'><strong>ultre</strong></span> <span class='ocrx_word' id='word_1_37' title='bbox 853 1961 985 2022; x_wconf 81' lang='lat' dir='ltr'><strong>Observe</strong></span> <span class='ocrx_word' id='word_1_38' title='bbox 996 1963 1048 2022; x_wconf 87' lang='lat' dir='ltr'><strong>the</strong></span> <span class='ocrx_word' id='word_1_39' title='bbox 1060 1965 1276 2038; x_wconf 77' lang='lat' dir='ltr'><strong>inoomisteuoy</strong></span> <span class='ocrx_word' id='word_1_40' title='bbox 1289 1967 1319 2024; x_wconf 85' lang='lat' dir='ltr'><strong>iu</strong></span> 
     </span>
     <span class='ocr_line' id='line_1_12' title="bbox 268 2043 1318 2118; baseline 0.004 -16"><span class='ocrx_word' id='word_1_41' title='bbox 268 2043 415 2102; x_wconf 81' lang='lat' dir='ltr'><strong>Isthmum</strong></span> <span class='ocrx_word' id='word_1_42' title='bbox 433 2045 605 2117; x_wconf 78' lang='lat' dir='ltr'><strong>proediotum</strong></span> <span class='ocrx_word' id='word_1_43' title='bbox 623 2047 770 2104; x_wconf 73' lang='lat' dir='ltr'><strong>Brittonis</strong></span> <span class='ocrx_word' id='word_1_44' title='bbox 816 2046 867 2102; x_wconf 88' lang='lat' dir='ltr'><strong>the</strong></span> <span class='ocrx_word' id='word_1_45' title='bbox 890 2045 1059 2104; x_wconf 79' lang='lat' dir='ltr'><strong>decleusion</strong></span> <span class='ocrx_word' id='word_1_46' title='bbox 1081 2049 1115 2104; x_wconf 79' lang='lat' dir='ltr'><strong>oi</strong></span> <span class='ocrx_word' id='word_1_47' title='bbox 1134 2049 1184 2106; x_wconf 87' lang='lat' dir='ltr'><strong>the</strong></span> <span class='ocrx_word' id='word_1_48' title='bbox 1204 2049 1318 2118; x_wconf 58' lang='lat' dir='ltr'><strong>Verere</strong></span> 
     </span>
     <span class='ocr_line' id='line_1_13' title="bbox 267 2129 1319 2205; baseline 0.007 -22"><span class='ocrx_word' id='word_1_49' title='bbox 267 2147 325 2184; x_wconf 89' lang='lat' dir='ltr'><strong>uon</strong></span> <span class='ocrx_word' id='word_1_50' title='bbox 335 2129 493 2201; x_wconf 85' lang='lat' dir='ltr'><strong>improprie</strong></span> <span class='ocrx_word' id='word_1_51' title='bbox 505 2129 564 2186; x_wconf 86' lang='lat' dir='ltr'><strong>diei</strong></span> <span class='ocrx_word' id='word_1_52' title='bbox 574 2139 676 2203; x_wconf 86' lang='lat' dir='ltr'><strong>posset</strong></span> <span class='ocrx_word' id='word_1_53' title='bbox 684 2131 768 2186; x_wconf 80' lang='lat' dir='ltr'><strong>Gele-</strong></span> <span class='ocrx_word' id='word_1_54' title='bbox 815 2131 984 2187; x_wconf 76' lang='lat' dir='ltr'><strong>sometimes</strong></span> <span class='ocrx_word' id='word_1_55' title='bbox 1008 2135 1051 2201; x_wconf 82' lang='lat' dir='ltr'><strong>(ae</strong></span> <span class='ocrx_word' id='word_1_56' title='bbox 1075 2131 1107 2188; x_wconf 85' lang='lat' dir='ltr'><strong>in</strong></span> <span class='ocrx_word' id='word_1_57' title='bbox 1137 2136 1152 2205; x_wconf 66' lang='lat' dir='ltr'><strong>t</strong></span> <span class='ocrx_word' id='word_1_58' title='bbox 1176 2133 1222 2200; x_wconf 78' lang='lat'><strong>4⁷)</strong></span> <span class='ocrx_word' id='word_1_59' title='bbox 1247 2135 1272 2189; x_wconf 91' lang='lat' dir='ltr'><strong>it</strong></span> <span class='ocrx_word' id='word_1_60' title='bbox 1295 2133 1319 2190; x_wconf 90' lang='lat' dir='ltr'><strong>is</strong></span> 
     </span>
     <span class='ocr_line' id='line_1_14' title="bbox 268 2212 1318 2284; baseline 0.008 -18"><span class='ocrx_word' id='word_1_61' title='bbox 268 2212 361 2280; x_wconf 77' lang='lat' dir='ltr'><strong>donia,</strong></span> <span class='ocrx_word' id='word_1_62' title='bbox 389 2213 447 2284; x_wconf 86' lang='lat' dir='ltr'><strong>ipsi</strong></span> <span class='ocrx_word' id='word_1_63' title='bbox 482 2219 582 2269; x_wconf 75' lang='lat' dir='ltr'><strong>tumen</strong></span> <span class='ocrx_word' id='word_1_64' title='bbox 618 2213 768 2270; x_wconf 74' lang='lat' dir='ltr'><strong>caledonii</strong></span> <span class='ocrx_word' id='word_1_65' title='bbox 815 2212 901 2269; x_wconf 86' lang='lat' dir='ltr'><strong>mede</strong></span> <span class='ocrx_word' id='word_1_66' title='bbox 920 2214 1127 2284; x_wconf 84' lang='lat' dir='ltr'><strong>indeclinsble,</strong></span> <span class='ocrx_word' id='word_1_67' title='bbox 1149 2217 1318 2274; x_wconf 76' lang='lat' dir='ltr'><strong>sometimes</strong></span> 
     </span>
     <span class='ocr_line' id='line_1_15' title="bbox 266 2295 1191 2364; baseline 0.006 -15"><span class='ocrx_word' id='word_1_68' title='bbox 266 2295 346 2352; x_wconf 83' lang='lat' dir='ltr'><strong>ultre</strong></span> <span class='ocrx_word' id='word_1_69' title='bbox 356 2296 502 2353; x_wconf 76' lang='lat' dir='ltr'><strong>Ver-erem</strong></span> <span class='ocrx_word' id='word_1_70' title='bbox 515 2297 617 2353; x_wconf 86' lang='lat' dir='ltr'><strong>sedem</strong></span> <span class='ocrx_word' id='word_1_71' title='bbox 628 2297 766 2364; x_wconf 69' lang='lat' dir='ltr'><strong>habuere,</strong></span> <span class='ocrx_word' id='word_1_72' title='bbox 815 2295 841 2352; x_wconf 89' lang='lat' dir='ltr'><strong>it</strong></span> <span class='ocrx_word' id='word_1_73' title='bbox 850 2297 905 2353; x_wconf 80' lang='lat' dir='ltr'><strong>hes</strong></span> <span class='ocrx_word' id='word_1_74' title='bbox 917 2314 954 2353; x_wconf 87' lang='lat' dir='ltr'><strong>an</strong></span> <span class='ocrx_word' id='word_1_75' title='bbox 967 2315 1026 2354; x_wconf 87' lang='lat' dir='ltr'><strong>soe.</strong></span> <span class='ocrx_word' id='word_1_76' title='bbox 1039 2298 1191 2357; x_wconf 74' lang='lat' dir='ltr'><strong>Vel-arem.</strong></span> 
     </span>
     <span class='ocr_line' id='line_1_16' title="bbox 266 2378 768 2436; baseline 0.004 -2"><span class='ocrx_word' id='word_1_77' title='bbox 266 2378 344 2436; x_wconf 86' lang='lat' dir='ltr'><strong>unde</strong></span> <span class='ocrx_word' id='word_1_78' title='bbox 372 2379 461 2436; x_wconf 79' lang='lat' dir='ltr'><strong>dueta</strong></span> <span class='ocrx_word' id='word_1_79' title='bbox 495 2380 575 2436; x_wconf 88' lang='lat' dir='ltr'><strong>linea</strong></span> <span class='ocrx_word' id='word_1_80' title='bbox 608 2381 768 2436; x_wconf 88' lang='lat' dir='ltr'><strong>terminum</strong></span> 
     </span>
     <span class='ocr_line' id='line_1_17' title="bbox 266 2463 766 2535; baseline 0.004 -17"><span class='ocrx_word' id='word_1_81' title='bbox 266 2463 389 2519; x_wconf 81' lang='lat' dir='ltr'><strong>Romani</strong></span> <span class='ocrx_word' id='word_1_82' title='bbox 417 2463 449 2518; x_wconf 88' lang='lat' dir='ltr'><strong>iu</strong></span> <span class='ocrx_word' id='word_1_83' title='bbox 484 2463 660 2521; x_wconf 86' lang='lat' dir='ltr'><strong>Brittsuiam</strong></span> <span class='ocrx_word' id='word_1_84' title='bbox 698 2463 766 2535; x_wconf 75' lang='lat' dir='ltr'><strong>[sie]</strong></span> 
     </span>
     <span class='ocr_line' id='line_1_18' title="bbox 266 2545 765 2618; baseline 0.006 -18"><span class='ocrx_word' id='word_1_85' title='bbox 266 2545 381 2618; x_wconf 87' lang='lat' dir='ltr'><strong>imperii</strong></span> <span class='ocrx_word' id='word_1_86' title='bbox 392 2545 528 2604; x_wconf 66' lang='lat' dir='ltr'><strong>accurate</strong></span> <span class='ocrx_word' id='word_1_87' title='bbox 544 2547 617 2603; x_wconf 87' lang='lat' dir='ltr'><strong>satis</strong></span> <span class='ocrx_word' id='word_1_88' title='bbox 629 2546 765 2604; x_wconf 87' lang='lat' dir='ltr'><strong>ostendit.</strong></span> 
     </span>
     <span class='ocr_line' id='line_1_19' title="bbox 266 2629 767 2702; baseline 0.004 -17"><span class='ocrx_word' id='word_1_89' title='bbox 266 2629 381 2686; x_wconf 79' lang='lat' dir='ltr'><strong>citerior</strong></span> <span class='ocrx_word' id='word_1_90' title='bbox 399 2629 471 2687; x_wconf 76' lang='lat' dir='ltr'><strong>vert</strong></span> <span class='ocrx_word' id='word_1_91' title='bbox 488 2629 594 2687; x_wconf 76' lang='lat' dir='ltr'><strong>insulse</strong></span> <span class='ocrx_word' id='word_1_92' title='bbox 617 2649 686 2702; x_wconf 82' lang='lat' dir='ltr'><strong>pars</strong></span> <span class='ocrx_word' id='word_1_93' title='bbox 709 2631 767 2687; x_wconf 79' lang='lat' dir='ltr'><strong>ulio</strong></span> 
     </span>
     <span class='ocr_line' id='line_1_20' title="bbox 265 2712 768 2787; baseline 0.002 -18"><span class='ocrx_word' id='word_1_94' title='bbox 265 2718 352 2785; x_wconf 76' lang='lat' dir='ltr'><strong>etque</strong></span> <span class='ocrx_word' id='word_1_95' title='bbox 365 2712 423 2769; x_wconf 84' lang='lat' dir='ltr'><strong>elio</strong></span> <span class='ocrx_word' id='word_1_96' title='bbox 434 2719 569 2786; x_wconf 85' lang='lat' dir='ltr'><strong>tempore</strong></span> <span class='ocrx_word' id='word_1_97' title='bbox 581 2713 618 2770; x_wconf 85' lang='lat' dir='ltr'><strong>ab</strong></span> <span class='ocrx_word' id='word_1_98' title='bbox 630 2712 691 2770; x_wconf 86' lang='lat' dir='ltr'><strong>illis</strong></span> <span class='ocrx_word' id='word_1_99' title='bbox 702 2731 768 2787; x_wconf 89' lang='lat' dir='ltr'><strong>pos-</strong></span> 
     </span>
     <span class='ocr_line' id='line_1_21' title="bbox 265 2797 768 2870; baseline 0.002 -18"><span class='ocrx_word' id='word_1_100' title='bbox 265 2815 348 2854; x_wconf 86' lang='lat' dir='ltr'><strong>sessa</strong></span> <span class='ocrx_word' id='word_1_101' title='bbox 371 2797 437 2864; x_wconf 77' lang='lat' dir='ltr'><strong>ruit,</strong></span> <span class='ocrx_word' id='word_1_102' title='bbox 468 2798 595 2869; x_wconf 87' lang='lat' dir='ltr'><strong>reliqua,</strong></span> <span class='ocrx_word' id='word_1_103' title='bbox 622 2803 656 2853; x_wconf 91' lang='lat' dir='ltr'><strong>ut</strong></span> <span class='ocrx_word' id='word_1_104' title='bbox 679 2815 768 2870; x_wconf 86' lang='lat' dir='ltr'><strong>supra</strong></span> 
     </span>
     <span class='ocr_line' id='line_1_22' title="bbox 265 2879 769 2947; baseline -0.002 -9"><span class='ocrx_word' id='word_1_105' title='bbox 265 2880 461 2947; x_wconf 87' lang='lat' dir='ltr'><strong>meminimus,</strong></span> <span class='ocrx_word' id='word_1_106' title='bbox 473 2879 492 2937; x_wconf 72' lang='lat' dir='ltr'><strong>t</strong></span> <span class='ocrx_word' id='word_1_107' title='bbox 510 2880 692 2938; x_wconf 88' lang='lat' dir='ltr'><strong>Brittouibus</strong></span> <span class='ocrx_word' id='word_1_108' title='bbox 703 2880 769 2937; x_wconf 85' lang='lat' dir='ltr'><strong>bar-</strong></span> 
     </span>
     <span class='ocr_line' id='line_1_23' title="bbox 266 2964 768 3037; baseline -0.002 -16"><span class='ocrx_word' id='word_1_109' title='bbox 266 2965 345 3021; x_wconf 84' lang='lat' dir='ltr'><strong>baris</strong></span> <span class='ocrx_word' id='word_1_110' title='bbox 374 2971 524 3037; x_wconf 78' lang='lat' dir='ltr'><strong>occupata.</strong></span> <span class='ocrx_word' id='word_1_111' title='bbox 560 2964 713 3037; x_wconf 82' lang='lat' dir='ltr'><strong>hueusque</strong></span> <span class='ocrx_word' id='word_1_112' title='bbox 737 2970 768 3022; x_wconf 89' lang='lat' dir='ltr'><strong>et</strong></span> 
     </span>
     <span class='ocr_line' id='line_1_24' title="bbox 265 3048 767 3119; baseline 0 -16"><span class='ocrx_word' id='word_1_113' title='bbox 265 3048 514 3119; x_wconf 76' lang='lat' dir='ltr'><strong>proficiscentibus</strong></span> <span class='ocrx_word' id='word_1_114' title='bbox 531 3048 633 3104; x_wconf 89' lang='lat' dir='ltr'><strong>lumen</strong></span> <span class='ocrx_word' id='word_1_115' title='bbox 650 3048 767 3119; x_wconf 89' lang='lat' dir='ltr'><strong>aliquod</strong></span> 
     </span>
     <span class='ocr_line' id='line_1_25' title="bbox 265 3130 768 3202; baseline 0.004 -17"><span class='ocrx_word' id='word_1_116' title='bbox 265 3132 410 3187; x_wconf 80' lang='lat' dir='ltr'><strong>foeueraut</strong></span> <span class='ocrx_word' id='word_1_117' title='bbox 431 3132 552 3202; x_wconf 80' lang='lat' dir='ltr'><strong>entique</strong></span> <span class='ocrx_word' id='word_1_118' title='bbox 577 3130 768 3187; x_wconf 71' lang='lat' dir='ltr'><strong>historiarum</strong></span> 
     </span>
     <span class='ocr_line' id='line_1_26' title="bbox 265 3213 767 3283; baseline 0 -14"><span class='ocrx_word' id='word_1_119' title='bbox 265 3219 464 3271; x_wconf 84' lang='lat' dir='ltr'><strong>monumenta.</strong></span> <span class='ocrx_word' id='word_1_120' title='bbox 477 3213 656 3283; x_wconf 70' lang='lat' dir='ltr'><strong>majieieutes</strong></span> <span class='ocrx_word' id='word_1_121' title='bbox 668 3220 767 3270; x_wconf 87' lang='lat' dir='ltr'><strong>autem</strong></span> 
     </span>
     <span class='ocr_line' id='line_1_27' title="bbox 264 3296 767 3363; baseline -0.002 -10"><span class='ocrx_word' id='word_1_122' title='bbox 264 3297 363 3353; x_wconf 83' lang='lat' dir='ltr'><strong>Varor</strong></span> <span class='ocrx_word' id='word_1_123' title='bbox 374 3297 491 3363; x_wconf 85' lang='lat' dir='ltr'><strong>flumen,</strong></span> <span class='ocrx_word' id='word_1_124' title='bbox 504 3298 629 3354; x_wconf 77' lang='lat' dir='ltr'><strong>extincto</strong></span> <span class='ocrx_word' id='word_1_125' title='bbox 646 3296 767 3363; x_wconf 90' lang='lat' dir='ltr'><strong>lumine,</strong></span> 
     </span>
     <span class='ocr_line' id='line_1_28' title="bbox 265 3378 767 3449; baseline 0.002 -15"><span class='ocrx_word' id='word_1_126' title='bbox 265 3378 298 3434; x_wconf 89' lang='lat' dir='ltr'><strong>in</strong></span> <span class='ocrx_word' id='word_1_127' title='bbox 335 3379 460 3434; x_wconf 81' lang='lat' dir='ltr'><strong>obscuro</strong></span> <span class='ocrx_word' id='word_1_128' title='bbox 495 3379 578 3449; x_wconf 86' lang='lat' dir='ltr'><strong>quasi</strong></span> <span class='ocrx_word' id='word_1_129' title='bbox 604 3396 767 3443; x_wconf 85' lang='lat' dir='ltr'><strong>versamur,</strong></span> 
     </span>
     <span class='ocr_line' id='line_1_29' title="bbox 265 3458 1319 3534; baseline 0.001 -17"><span class='ocrx_word' id='word_1_130' title='bbox 265 3470 298 3519; x_wconf 87' lang='lat' dir='ltr'><strong>et</strong></span> <span class='ocrx_word' id='word_1_131' title='bbox 310 3460 446 3534; x_wconf 82' lang='lat' dir='ltr'><strong>quamvis</strong></span> <span class='ocrx_word' id='word_1_132' title='bbox 457 3478 514 3517; x_wconf 89' lang='lat' dir='ltr'><strong>uon</strong></span> <span class='ocrx_word' id='word_1_133' title='bbox 530 3462 612 3519; x_wconf 87' lang='lat' dir='ltr'><strong>nobis</strong></span> <span class='ocrx_word' id='word_1_134' title='bbox 633 3462 768 3534; x_wconf 78' lang='lat' dir='ltr'><strong>ignotum</strong></span> <span class='ocrx_word' id='word_1_135' title='bbox 852 3458 994 3525; x_wconf 70' lang='lat' dir='ltr'><strong>eamden.</strong></span> <span class='ocrx_word' id='word_1_136' title='bbox 1020 3460 1072 3517; x_wconf 78' lang='lat'><strong>⁷01</strong></span> <span class='ocrx_word' id='word_1_137' title='bbox 1106 3460 1154 3531; x_wconf 80' lang='lat' dir='ltr'><strong>(es.</strong></span> <span class='ocrx_word' id='word_1_138' title='bbox 1182 3460 1248 3530; x_wconf 78' lang='lat'>24)=</span> <span class='ocrx_word' id='word_1_139' title='bbox 1279 3462 1319 3519; x_wconf 77' lang='lat' dir='ltr'><strong>In</strong></span> 
     </span>
     <span class='ocr_line' id='line_1_30' title="bbox 264 3544 1315 3618; baseline 0.001 -16"><span class='ocrx_word' id='word_1_140' title='bbox 264 3547 314 3610; x_wconf 85' lang='lat' dir='ltr'><strong>sit,</strong></span> <span class='ocrx_word' id='word_1_141' title='bbox 329 3551 478 3601; x_wconf 81' lang='lat' dir='ltr'><strong>extructas</strong></span> <span class='ocrx_word' id='word_1_142' title='bbox 498 3544 538 3599; x_wconf 89' lang='lat' dir='ltr'><strong>ibi</strong></span> <span class='ocrx_word' id='word_1_143' title='bbox 558 3546 767 3618; x_wconf 86' lang='lat' dir='ltr'><strong>prolimitibue</strong></span> <span class='ocrx_word' id='word_1_144' title='bbox 817 3544 974 3601; x_wconf 74' lang='lat' dir='ltr'><strong>Caledonio</strong></span> <span class='ocrx_word' id='word_1_145' title='bbox 998 3544 1127 3615; x_wconf 77' lang='lat' dir='ltr'><strong>Ulyssem</strong></span> <span class='ocrx_word' id='word_1_146' title='bbox 1150 3546 1315 3617; x_wconf 67' lang='lat' dir='ltr'><strong>oppetemus,</strong></span> 
     </span>
     <span class='ocr_line' id='line_1_31' title="bbox 265 3626 1317 3701; baseline -0.002 -14"><span class='ocrx_word' id='word_1_147' title='bbox 265 3628 388 3701; x_wconf 89' lang='lat' dir='ltr'><strong>Imperii</strong></span> <span class='ocrx_word' id='word_1_148' title='bbox 417 3628 542 3685; x_wconf 73' lang='lat' dir='ltr'><strong>Romani</strong></span> <span class='ocrx_word' id='word_1_149' title='bbox 570 3628 665 3687; x_wconf 84' lang='lat' dir='ltr'><strong>fuisse</strong></span> <span class='ocrx_word' id='word_1_150' title='bbox 689 3646 766 3695; x_wconf 87' lang='lat' dir='ltr'><strong>uras,</strong></span> <span class='ocrx_word' id='word_1_151' title='bbox 816 3628 913 3699; x_wconf 88' lang='lat' dir='ltr'><strong>inquit</strong></span> <span class='ocrx_word' id='word_1_152' title='bbox 926 3627 1044 3683; x_wconf 81' lang='lat' dir='ltr'><strong>Solinus</strong></span> <span class='ocrx_word' id='word_1_153' title='bbox 1067 3626 1125 3699; x_wconf 59' lang='lat'><strong>[22</strong></span> <span class='ocrx_word' id='word_1_154' title='bbox 1139 3632 1155 3700; x_wconf 59' lang='grc' dir='ltr'>ᾗ</span> <span class='ocrx_word' id='word_1_155' title='bbox 1170 3630 1211 3699; x_wconf 92' lang='grc'><strong>1],</strong></span> <span class='ocrx_word' id='word_1_156' title='bbox 1224 3630 1317 3687; x_wconf 77' lang='lat' dir='ltr'><strong>moni·</strong></span> 
     </span>
     <span class='ocr_line' id='line_1_32' title="bbox 264 3712 1317 3785; baseline -0.002 -14"><span class='ocrx_word' id='word_1_157' title='bbox 264 3713 472 3785; x_wconf 84' lang='lat' dir='ltr'><strong>Ulyssemque,</strong></span> <span class='ocrx_word' id='word_1_158' title='bbox 485 3719 662 3785; x_wconf 87' lang='lat' dir='ltr'><strong>tempestate</strong></span> <span class='ocrx_word' id='word_1_159' title='bbox 673 3712 768 3768; x_wconf 87' lang='lat' dir='ltr'><strong>flucti-</strong></span> <span class='ocrx_word' id='word_1_160' title='bbox 809 3712 901 3785; x_wconf 75' lang='lat' dir='ltr'><strong>foetet</strong></span> <span class='ocrx_word' id='word_1_161' title='bbox 925 3730 979 3769; x_wconf 70' lang='lat' dir='ltr'><strong>afra</strong></span> <span class='ocrx_word' id='word_1_162' title='bbox 1011 3712 1117 3771; x_wconf 70' lang='lat' dir='ltr'><strong>Grceeis</strong></span> <span class='ocrx_word' id='word_1_163' title='bbox 1146 3713 1239 3771; x_wconf 78' lang='lat' dir='ltr'><strong>literis</strong></span> <span class='ocrx_word' id='word_1_164' title='bbox 1272 3716 1317 3769; x_wconf 75' lang='lat' dir='ltr'><strong>iu·</strong></span> 
     </span>
     <span class='ocr_line' id='line_1_33' title="bbox 263 3794 1005 3868; baseline -0.004 -16"><span class='ocrx_word' id='word_1_165' title='bbox 263 3795 378 3868; x_wconf 84' lang='lat' dir='ltr'><strong>busque</strong></span> <span class='ocrx_word' id='word_1_166' title='bbox 388 3797 532 3867; x_wconf 71' lang='lat' dir='ltr'><strong>jactatum</strong></span> <span class='ocrx_word' id='word_1_167' title='bbox 543 3796 610 3853; x_wconf 90' lang='lat' dir='ltr'><strong>heio</strong></span> <span class='ocrx_word' id='word_1_168' title='bbox 621 3801 690 3852; x_wconf 80' lang='lat' dir='ltr'><strong>vota</strong></span> <span class='ocrx_word' id='word_1_169' title='bbox 701 3813 767 3867; x_wconf 87' lang='lat' dir='ltr'><strong>per·</strong></span> <span class='ocrx_word' id='word_1_170' title='bbox 815 3794 923 3865; x_wconf 75' lang='lat' dir='ltr'><strong>soripto</strong></span> <span class='ocrx_word' id='word_1_171' title='bbox 935 3798 1005 3851; x_wconf 81' lang='lat' dir='ltr'><strong>uoto.</strong></span> 
     </span>
     <span class='ocr_line' id='line_1_34' title="bbox 265 3870 767 3951; baseline -0.002 -16"><span class='ocrx_word' id='word_1_172' title='bbox 265 3880 397 3943; x_wconf 80' lang='lat' dir='ltr'><strong>solvisse,</strong></span> <span class='ocrx_word' id='word_1_173' title='bbox 432 3879 579 3951; x_wconf 86' lang='lat' dir='ltr'><strong>siquidem</strong></span> <span class='ocrx_word' id='word_1_174' title='bbox 614 3870 767 3935; x_wconf 77' lang='lat' dir='ltr'><strong>coudeuste</strong></span> 
     </span>
     <span class='ocr_line' id='line_1_35' title="bbox 267 3961 766 4033; baseline 0.004 -16"><span class='ocrx_word' id='word_1_175' title='bbox 267 3962 418 4018; x_wconf 71' lang='lat' dir='ltr'><strong>arboribus</strong></span> <span class='ocrx_word' id='word_1_176' title='bbox 431 3962 524 4033; x_wconf 78' lang='lat' dir='ltr'><strong>sylvse</strong></span> <span class='ocrx_word' id='word_1_177' title='bbox 536 3979 604 4019; x_wconf 88' lang='lat' dir='ltr'><strong>oum</strong></span> <span class='ocrx_word' id='word_1_178' title='bbox 615 3961 766 4033; x_wconf 84' lang='lat' dir='ltr'><strong>perpetuis</strong></span> 
     </span>
     <span class='ocr_line' id='line_1_36' title="bbox 268 4045 766 4101; baseline 0 -2"><span class='ocrx_word' id='word_1_179' title='bbox 268 4045 412 4101; x_wconf 88' lang='lat' dir='ltr'><strong>montium</strong></span> <span class='ocrx_word' id='word_1_180' title='bbox 431 4045 541 4101; x_wconf 81' lang='lat' dir='ltr'><strong>saxetis</strong></span> <span class='ocrx_word' id='word_1_181' title='bbox 570 4045 608 4100; x_wconf 88' lang='lat' dir='ltr'><strong>ab</strong></span> <span class='ocrx_word' id='word_1_182' title='bbox 630 4045 766 4101; x_wconf 85' lang='lat' dir='ltr'><strong>ulteriori</strong></span> 
     </span>
     <span class='ocr_line' id='line_1_37' title="bbox 266 4128 767 4201; baseline 0.004 -19"><span class='ocrx_word' id='word_1_183' title='bbox 266 4144 320 4183; x_wconf 86' lang='lat' dir='ltr'><strong>uos</strong></span> <span class='ocrx_word' id='word_1_184' title='bbox 332 4128 509 4186; x_wconf 78' lang='lat' dir='ltr'><strong>scrutatione</strong></span> <span class='ocrx_word' id='word_1_185' title='bbox 515 4128 679 4201; x_wconf 81' lang='lat' dir='ltr'><strong>prohibent.</strong></span> <span class='ocrx_word' id='word_1_186' title='bbox 690 4130 767 4185; x_wconf 86' lang='lat' dir='ltr'><strong>rels·</strong></span> 
     </span>
     <span class='ocr_line' id='line_1_38' title="bbox 267 4212 767 4283; baseline 0.002 -17"><span class='ocrx_word' id='word_1_187' title='bbox 267 4212 377 4267; x_wconf 86' lang='lat' dir='ltr'><strong>tionem</strong></span> <span class='ocrx_word' id='word_1_188' title='bbox 395 4216 567 4283; x_wconf 85' lang='lat' dir='ltr'><strong>sequentem</strong></span> <span class='ocrx_word' id='word_1_189' title='bbox 585 4212 604 4268; x_wconf 74' lang='lat' dir='ltr'><strong>t</strong></span> <span class='ocrx_word' id='word_1_190' title='bbox 625 4217 767 4267; x_wconf 88' lang='lat' dir='ltr'><strong>mereato-</strong></span> 
     </span>
     <span class='ocr_line' id='line_1_39' title="bbox 266 4294 768 4366; baseline -0.004 -15"><span class='ocrx_word' id='word_1_191' title='bbox 266 4295 349 4351; x_wconf 86' lang='lat' dir='ltr'><strong>ribus</strong></span> <span class='ocrx_word' id='word_1_192' title='bbox 365 4294 549 4351; x_wconf 80' lang='lat' dir='ltr'><strong>Brittonibus</strong></span> <span class='ocrx_word' id='word_1_193' title='bbox 566 4294 701 4366; x_wconf 77' lang='lat' dir='ltr'><strong>fugitivis</strong></span> <span class='ocrx_word' id='word_1_194' title='bbox 719 4310 768 4349; x_wconf 87' lang='lat' dir='ltr'><strong>so·</strong></span> 
     </span>
     <span class='ocr_line' id='line_1_40' title="bbox 266 4377 766 4451; baseline -0.002 -17"><span class='ocrx_word' id='word_1_195' title='bbox 266 4384 380 4449; x_wconf 82' lang='lat' dir='ltr'><strong>eeptam</strong></span> <span class='ocrx_word' id='word_1_196' title='bbox 408 4378 593 4451; x_wconf 79' lang='lat' dir='ltr'><strong>posterisque</strong></span> <span class='ocrx_word' id='word_1_197' title='bbox 621 4377 766 4444; x_wconf 78' lang='lat' dir='ltr'><strong>relictam,</strong></span> 
     </span>
     <span class='ocr_line' id='line_1_41' title="bbox 268 4460 766 4527; baseline -0.004 -9"><span class='ocrx_word' id='word_1_198' title='bbox 268 4467 301 4518; x_wconf 89' lang='lat' dir='ltr'><strong>ut</strong></span> <span class='ocrx_word' id='word_1_199' title='bbox 329 4462 522 4520; x_wconf 76' lang='lat' dir='ltr'><strong>sufficientem</strong></span> <span class='ocrx_word' id='word_1_200' title='bbox 554 4460 766 4527; x_wconf 85' lang='lat' dir='ltr'><strong>existimemus,</strong></span> 
     </span>
     <span class='ocr_line' id='line_1_42' title="bbox 266 4552 452 4605; baseline 0.016 -5"><span class='ocrx_word' id='word_1_201' title='bbox 266 4563 385 4605; x_wconf 78' lang='lat' dir='ltr'><strong>necesso</strong></span> <span class='ocrx_word' id='word_1_202' title='bbox 397 4552 452 4603; x_wconf 82' lang='lat' dir='ltr'><strong>eet.</strong></span> 
     </span>
    </p>
   </div>
   <div class='ocr_carea' id='block_1_5' title="bbox 265 4672 1319 4831">
    <p class='ocr_par' dir='ltr' id='par_1_5' title="bbox 265 4672 1319 4831">
     <span class='ocr_line' id='line_1_43' title="bbox 301 4672 1319 4751; baseline -0.004 -17"><span class='ocrx_word' id='word_1_203' title='bbox 301 4678 374 4745; x_wconf 80' lang='lat' dir='ltr'><strong>Le,</strong></span> <span class='ocrx_word' id='word_1_204' title='bbox 397 4683 412 4751; x_wconf 80' lang='lat'>§</span> <span class='ocrx_word' id='word_1_205' title='bbox 434 4678 481 4735; x_wconf 79' lang='lat'><strong>52.</strong></span> <span class='ocrx_word' id='word_1_206' title='bbox 517 4677 567 4734; x_wconf 81' lang='lat' dir='ltr'><strong>Ad</strong></span> <span class='ocrx_word' id='word_1_207' title='bbox 587 4676 767 4735; x_wconf 82' lang='lat' dir='ltr'><strong>ooeidentem</strong></span> <span class='ocrx_word' id='word_1_208' title='bbox 852 4672 992 4738; x_wconf 74' lang='lat' dir='ltr'><strong>Oemien,</strong></span> <span class='ocrx_word' id='word_1_209' title='bbox 1022 4672 1096 4729; x_wconf 75' lang='lat'>701:</span> <span class='ocrx_word' id='word_1_210' title='bbox 1153 4672 1237 4729; x_wconf 83' lang='lat' dir='ltr'><strong>Inter</strong></span> <span class='ocrx_word' id='word_1_211' title='bbox 1265 4672 1319 4730; x_wconf 88' lang='lat' dir='ltr'><strong>hos</strong></span> 
     </span>
     <span class='ocr_line' id='line_1_44' title="bbox 265 4756 1319 4831; baseline -0.004 -14"><span class='ocrx_word' id='word_1_212' title='bbox 265 4759 358 4831; x_wconf 75' lang='lat' dir='ltr'><strong>igitur</strong></span> <span class='ocrx_word' id='word_1_213' title='bbox 367 4760 768 4820; x_wconf 69' lang='lat' dir='ltr'><strong>varmishsbitsbsntcalo·</strong></span> <span class='ocrx_word' id='word_1_214' title='bbox 816 4758 912 4819; x_wconf 72' lang='lat' dir='ltr'><strong>Sava</strong></span> <span class='ocrx_word' id='word_1_215' title='bbox 935 4761 1001 4813; x_wconf 81' lang='lat' dir='ltr'><strong>eret</strong></span> <span class='ocrx_word' id='word_1_216' title='bbox 1025 4756 1201 4823; x_wconf 81' lang='grc' dir='ltr'><strong>Οιιιιιιοιιιι,</strong></span> <span class='ocrx_word' id='word_1_217' title='bbox 1227 4756 1319 4813; x_wconf 78' lang='lat' dir='ltr'><strong>Lucio</strong></span> 
     </span>
    </p>
   </div>
   <div class='ocr_carea' id='block_1_6' title="bbox 354 4873 1187 4939">
    <p class='ocr_par' dir='ltr' id='par_1_6' title="bbox 354 4873 1187 4939">
     <span class='ocr_line' id='line_1_45' title="bbox 354 4873 1187 4939; baseline -0.01 -14"><span class='ocrx_word' id='word_1_218' title='bbox 354 4873 431 4929; x_wconf 79' lang='lat' dir='ltr'><strong>vou</strong></span> <span class='ocrx_word' id='word_1_219' title='bbox 445 4874 493 4939; x_wconf 84' lang='grc' dir='ltr'><strong>ιι,</strong></span> <span class='ocrx_word' id='word_1_220' title='bbox 1167 4874 1187 4917; x_wconf 84' lang='lat' dir='ltr'><strong>e</strong></span> 
     </span>
    </p>
   </div>
   <div class='ocr_carea' id='block_1_7' title="bbox 0 0 1788 5800">
    <p class='ocr_par' dir='ltr' id='par_1_7' title="bbox 0 0 1788 5800">
     <span class='ocr_line' id='line_1_46' title="bbox 0 0 1788 5800; baseline 0 1"><span class='ocrx_word' id='word_1_221' title='bbox 0 0 1788 5800; x_wconf 95' lang='lat' dir='ltr'><strong> </strong></span> 
     </span>
    </p>
   </div>
  </div>
 </body>
</html>
