3567 5800
486 834 551 897 194
638 840 643 851 '
744 848 1152 899 memorandam.
1178 850 1265 899 mar.

484 1036 616 1123 (tynam
645 1037 719 1103 viro
748 1035 880 1103 cuidem
919 1036 1047 1103 Danioo
1077 1036 1211 1104 nomine
1250 1037 1420 1105 Onntoni¹
1446 1038 1537 1125 apud

486 1140 677 1207 Lamheiam
722 1160 822 1227 prope
867 1140 1057 1208 Londouiaa
1103 1142 1313 1208 matrimonio
1361 1142 1538 1229 copularet,

484 1242 592 1323 laetus,
628 1264 746 1329 sospes,
783 1248 818 1308 et
855 1242 972 1308 hilaris
1018 1262 1092 1309 cum
1137 1262 1256 1330 monae
1300 1244 1457 1331 praedicta
1503 1248 1539 1309 et

485 1344 682 1430 quibusdam
705 1344 780 1411 aliia
801 1344 920 1411 bibens
942 1350 1053 1425 staret,
1077 1346 1166 1412 inter
1188 1347 1369 1413 bibendum
1392 1348 1537 1425 oorruit;

485 1453 520 1512 et
545 1448 592 1513 aio
616 1452 752 1537 repente
774 1454 888 1514 mutua
913 1468 1116 1536 permanens,
1140 1450 1228 1515 idem
1251 1472 1310 1515 rex
1335 1460 1431 1516 sexto
1454 1450 1538 1515 Idus

485 1546 583 1616 Jimii
612 1552 766 1638 spiritum
796 1551 976 1617 exhalavit
1039 1551 1168 1617 Deinde
1198 1553 1287 1640 apud
1317 1552 1537 1639 Wyntoniam

487 1653 624 1733 delatus,
654 1655 752 1720 iuxta
781 1674 892 1741 regem
924 1652 1111 1721 Onutonem
1144 1661 1272 1742 patrem
1304 1676 1400 1721 auum
1430 1656 1537 1743 aepul-

486 1762 597 1824 turam
619 1757 753 1844 accepit
798 1758 841 1823 In
860 1756 960 1823 huius
980 1758 1069 1823 enim
1089 1758 1175 1845 regis
1199 1758 1405 1825 Hardecnuti
1422 1780 1536 1825 necem

318 1882 448 1934 Goduin’s
486 1860 642 1947 praefatur
668 1860 819 1947 proditor
844 1882 951 1926 comes
976 1860 1158 1927 Godwinus
1182 1862 1273 1949 priua
1296 1863 1535 1929 coniuraverot

317 1949 421 2028 1¹¹⁰“9'
431 1950 475 2000 ²¹¹0
487 1963 574 2029 Cum
602 1964 691 2029 enim
720 1981 834 2029 verena
869 1962 1087 2050 Wyntoniom
1129 1968 1203 2050 poat
1240 1964 1362 2031 Natale
1400 1962 1535 2032 Domini

316 2031 449 2132 iffi?
484 2072 658 2154 pergerent
686 2066 832 2133 universi
861 2085 1009 2152 proceres
1039 2066 1133 2153 quari
1163 2066 1206 2131 od
1236 2068 1408 2133 consilium
1439 2068 1535 2156 regis,

316 2148 463 2266 fflffinm
484 2169 543 2233 ubi
574 2168 729 2235 Godwini
752 2168 977 2235 coniuratione
1007 2168 1076 2256 ipae
1109 2188 1169 2235 rex
1198 2170 1409 2257 perimendos
1440 2175 1533 2251 erat;

315 2284 456 2332 overthrow
483 2292 572 2350 nam,
603 2276 642 2337 ut
671 2271 825 2350 diximus,
856 2270 999 2338 sectione
1031 2272 1182 2359 prredicti
1212 2272 1367 2339 (iodwini
1398 2274 1534 2360 quidam

316 2348 461 2480 ffiff‘*
483 2396 652 2462 prooerum
682 2376 725 2440 ad
754 2375 817 2442 hoc
845 2375 983 2441 fuerunt
1011 2374 1122 2452 illecti,
1153 2379 1192 2440 ut
1222 2376 1263 2441 de
1292 2380 1399 2441 cetero
1436 2376 1535 2443 alicui

482 2478 553 2565 regi
578 2499 646 2543 non
667 2482 829 2564 parerent,
854 2478 912 2543 sed
943 2477 1129 2566 Anglorum
1159 2498 1259 2565 reguo
1282 2478 1319 2543 in
1341 2478 1536 2545 tetrarchias

482 2580 607 2667 partito
632 2601 692 2668 pro
722 2601 788 2646 uno
815 2580 993 2647 monarcha
1022 2585 1181 2666 quattuor
1203 2580 1379 2647 tetrarchae
1401 2581 1534 2669 imperi-

481 2688 594 2749 tarent
616 2682 705 2748 inter
734 2682 868 2770 Angloa.
916 2682 1016 2749 Unde
1040 2680 1223 2749 Godwinus
1248 2682 1401 2750 elationis
1424 2706 1536 2771 auper-

482 2784 556 2852 cilio
582 2786 770 2873 instigatus,
801 2804 875 2851 oum
905 2784 1043 2852 vidisset
1072 2785 1160 2851 inter
1194 2805 1268 2852 auos
1298 2788 1534 2874 comprincipes

482 2886 604 2977 potiori
642 2886 842 2955 auctoritate
871 2911 906 2955 ae
935 2886 1010 2956 aiiia
1050 2887 1205 2977 praeferri,
1237 2890 1277 2956 dc
1307 2895 1413 2955 morte
1447 2888 1534 2977 regia

484 2991 701 3073 Hordeonuti
740 2990 903 3080 quomodo
948 2991 1036 3058 idem
1081 3013 1142 3058 rex
1180 2993 1334 3058 secretius
1379 2991 1533 3079 extingui

481 3095 653 3182 potuisset,
681 3095 867 3182 excogitare
890 3093 1001 3183 coepit.
1046 3093 1113 3161 sed
1137 3091 1200 3161 Dei
1224 3093 1401 3162 clementia
1421 3095 1535 3161 fideles

484 3218 559 3263 auos
615 3199 685 3264 eius
741 3197 977 3264 coniurationia
1033 3199 1176 3264 conscios
1232 3197 1450 3279 conservavit,
1491 3219 1534 3263 ne

483 3299 697 3367 conscientias
734 3321 810 3367 anas
848 3303 882 3367 et
919 3319 1036 3366 manua
1075 3301 1356 3367 commacularent.
1425 3299 1534 3367 Erant

479 3404 568 3470 enim
602 3403 738 3491 quidam
781 3401 894 3469 fideles
932 3399 1004 3470 Deo
1042 3405 1076 3470 et
1114 3404 1178 3470 viri
1216 3401 1335 3470 Deifici
1377 3399 1533 3470 (iodwini

477 3505 668 3573 adulatione
694 3507 822 3574 seducti
848 3505 885 3571 in
911 3505 1015 3593 ipaiua
1039 3507 1247 3587 sententiam,
1276 3527 1320 3574 ne
1350 3503 1391 3573 de
1422 3513 1533 3574 cetero

477 3632 569 3696 reges
614 3631 711 3697 super
767 3631 822 3674 eoa
875 3609 1108 3697 permitterent
1162 3629 1320 3698 regnare3
1374 3609 1533 3677 videlicet

475 3711 673 3778 venerabilia
703 3711 872 3777 Leofiicua
910 3717 1179 3798 praememoratus
1216 3733 1322 3778 cornea
1353 3711 1533 3779 Hereford-

477 3815 572 3896 ensis,
597 3815 692 3903 qnasi
716 3813 883 3880 tetrarcha
908 3837 1004 3896 unua,
1031 3821 1066 3880 et
1091 3816 1201 3902 piures
1235 3815 1294 3879 aiii
1324 3835 1472 3902 proceres
1498 3822 1533 3882 et

361 3956 369 3980 .
475 3919 603 3984 nobiles
652 3917 815 3983 Godwino
863 3916 943 3982 ficta
995 3917 1169 4004 sponsione
1214 3917 1371 3984 faventes.
1441 3919 1532 4000 Quos

476 4020 568 4087 Deus
605 4045 626 4085 a
662 4021 830 4086 sententia
864 4019 1021 4086 Godwini
1047 4020 1099 4085 oui
1129 4019 1215 4107 regis
1253 4019 1428 4086 interitum
1459 4044 1532 4108 per-

475 4123 660 4205 tractantis,
698 4147 741 4190 ne
778 4128 912 4190 tantum
950 4121 1078 4188 facinus
1117 4123 1277 4188 auderent
1315 4124 1528 4201 committere,

474 4228 620 4293 servavit
649 4228 820 4294 immunes.
882 4226 1017 4292 Etenim
1048 4226 1146 4314 longa
1177 4226 1275 4291 aliter
1305 4248 1406 4312 quam
1439 4227 1526 4292 God-

473 4331 580 4396 winua
616 4330 760 4396 faotione
797 4351 858 4396 aua
895 4330 936 4395 de
973 4333 1080 4395 morte
1117 4328 1203 4415 ragis
1233 4328 1523 4415 praeordinaverat,

473 4436 592 4500 evenit
639 4433 703 4500 Dei
727 4455 870 4521 namque
901 4432 1024 4499 iudicio
1048 4453 1109 4498 rex
1137 4431 1374 4498 Hardecnutus
1404 4455 1425 4497 a
1454 4432 1523 4497 Deo

873 4635 972 4644 --...—.
988 4627 1515 4642 *ψῃ-μμ

823 4769 831 4802 ¹
846 4769 966 4838 Gnatam]
987 4769 1111 4832 Gnutoue,
1122 4770 1195 4824 MS..
