3567 5800
509 844 575 907 200
770 861 1062 912 mensurasse.
1087 863 1178 913 seso.
1203 866 1291 914 ursr.

342 1044 583 1110 Theaumoreula
605 1067 679 1131 quae
704 1046 795 1112 Deus
821 1048 1012 1133 peripsum
1037 1050 1165 1137 operari
1189 1049 1346 1137 dignatus
1372 1054 1431 1127 est,
1448 1068 1564 1114 secun·

341 1126 438 1257 {Q
447 1126 590 1243 {ffidum
629 1147 861 1215 historicorum
901 1152 958 1237 qui
1008 1151 1049 1217 de
1091 1153 1204 1217 eodem
1246 1152 1451 1217 sanctissimo
1488 1172 1564 1237 rege

341 1259 475 1347 ammos
511 1251 771 1337 conscripserunt
810 1251 1077 1339 explanationem
1116 1254 1330 1334 verissimam,
1361 1254 1465 1339 deque
1495 1252 1564 1317 eius

341 1327 472 1460 ξῗέζὼ
511 1353 606 1418 exitu
641 1352 683 1419 ab
721 1354 783 1421 hoc
820 1355 938 1421 saeculo
971 1356 1008 1421 in
1039 1358 1193 1443 praesenti
1226 1358 1348 1445 pagina
1377 1354 1476 1421 modo
1506 1352 1563 1441 qui

511 1456 661 1542 sequitur
684 1478 825 1543 praesens
852 1480 934 1546 opus
960 1458 1105 1526 studiose
1134 1460 1310 1547 indaganti
1340 1460 1412 1525 luce
1442 1458 1563 1523 elarius

343 1563 440 1643 Ainea
512 1559 690 1625 intimabit.
752 1560 864 1647 Igitur
896 1562 1121 1648 gloriosissimi
1151 1584 1189 1628 ac
1220 1562 1292 1628 Deo
1329 1560 1442 1627 dilecti
1477 1558 1564 1647 regis

342 1630 489 1763 {iffi-5,
512 1660 669 1727 sawaru
697 1664 803 1728 viam
832 1662 937 1729 uara
968 1664 1134 1745 ramirus,
1165 1686 1208 1730 ex
1237 1664 1348 1731 verus
1379 1660 1564 1729 marisam

342 1764 406 1883 31331)
417 1765 466 1815 00¹·
512 1762 603 1829 Petri
636 1764 858 1852 apostolorum
892 1766 1050 1853 principis
1083 1789 1249 1833 sumamus
1290 1766 1474 1846 exordium,
1505 1764 1563 1851 qui

341 1864 451 1972 mmm
510 1867 601 1933 beati
625 1868 826 1934 centurionis
851 1868 1059 1934 vocationem
1085 1866 1272 1949 admirans,¹
1298 1868 1368 1934 “In
1390 1864 1563 1945 veritate,'’

340 1987 466 2040 aistand
510 1972 630 2059 inquit,
671 1978 689 2008 “
704 1973 855 2058 comperi,
886 1973 965 2059 quia
994 1995 1062 2039 non
1090 1980 1142 2040 est
1171 1996 1383 2061 personarum
1412 1978 1563 2059 acceptor

342 2056 414 2122 ΗΠΒ·
511 2076 621 2142 Deus:
654 2076 712 2142 sed
736 2076 774 2141 in
801 2077 891 2141 omni
916 2082 1015 2163 gente
1034 2080 1091 2165 qui
1111 2079 1209 2144 timet
1225 2078 1333 2143 Deum
1357 2082 1390 2143 et
1405 2080 1563 2165 operatur

508 2179 681 2258 iustitiam,
713 2185 864 2267 acceptus
893 2184 945 2245 est
982 2180 1062 2245 illi.’'
1106 2180 1149 2245 In
1184 2180 1275 2245 omni
1312 2180 1423 2265 itaque
1452 2184 1562 2265 gente,

507 2281 545 2346 iu
569 2282 659 2347 omni
682 2282 804 2361 ordine,
828 2282 864 2346 in
892 2282 983 2347 omni
1010 2282 1180 2369 dignitate,
1204 2284 1299 2348 novit
1324 2282 1488 2347 Dominus
1503 2282 1562 2369 qui

507 2390 586 2449 sunt
609 2384 689 2463 eius,
714 2390 749 2451 et
772 2385 946 2450 miseretur
972 2386 1025 2450 cui
1054 2384 1206 2465 voluerit,
1237 2392 1273 2451 et
1302 2384 1560 2451 misericordiam

507 2492 644 2573 praestat
669 2487 706 2552 in
729 2509 827 2573 quem
853 2486 918 2553 sibi
945 2486 1110 2575 placuerit,
1131 2487 1300 2574 attingens
1323 2510 1345 2553 a
1366 2488 1432 2553 fine
1455 2508 1561 2573 usque

506 2590 550 2656 ad
573 2590 674 2656 finem
693 2589 833 2669 fortiter,
849 2593 884 2656 et
907 2590 1085 2677 disponens
1100 2590 1212 2655 omnia
1225 2588 1394 2655 suaviter.²
1438 2588 1559 2676 Neque

507 2694 595 2759 onim
621 2715 664 2757 ex
689 2693 741 2758 sui
767 2693 871 2780 ipsius
895 2696 1016 2757 natura
1044 2692 1099 2758 vel
1127 2698 1304 2780 paupertas
1329 2697 1477 2780 praestat,
1504 2693 1561 2757 vel

505 2796 659 2861 adimunt
685 2794 815 2861 divitiae
838 2794 1070 2877 sanctitatem
1092 2815 1153 2860 nec
1172 2796 1352 2883 perfectum
1368 2793 1559 2873 obscuritas,

504 2921 564 2965 nec
589 2897 764 2985 reprobum
790 2897 923 2964 claritas
948 2896 1050 2979 facit3
1080 2919 1140 2964 nec
1163 2897 1289 2964 claudit
1319 2897 1465 2974 libertas,
1499 2919 1561 2964 nec

503 3004 628 3067 reserat
665 3001 808 3068 servitus
854 2999 1054 3066 Paradisum.
1125 2999 1256 3064 Primus
1296 2999 1559 3088 patriaruharum

389 3127 395 3140 ·
503 3103 674 3170 Abraham
709 3106 744 3168 et
773 3102 866 3169 dives
897 3101 1051 3168 scribitur
1080 3108 1115 3168 et
1144 3103 1316 3190 perfectus,
1352 3103 1445 3168 cuius
1476 3103 1559 3168 fides

503 3204 705 3272 admirabilis
719 3210 755 3270 et
777 3203 968 3270 obedientia
991 3203 1199 3270 inimitabilis
1223 3205 1259 3269 in
1285 3225 1393 3270 rerum
1409 3205 1558 3270 omnium

503 3311 596 3395 copia
619 3307 823 3396 praedicatur.
868 3306 992 3393 Joseph
1019 3307 1170 3372 dominus
1200 3329 1220 3372 a
1250 3329 1325 3394 rege
1355 3308 1560 3374 constitutus

504 3411 651 3498 AEgypti,
686 3411 840 3475 universo
877 3408 951 3472 orbi
983 3407 1128 3495 praebuit
1160 3409 1322 3476 castitatis
1356 3409 1557 3496 exemplum.

505 3513 646 3579 Sanctus
668 3511 736 3578 Job
767 3511 873 3598 qualis
904 3511 940 3576 in
970 3511 1099 3576 divitiis
1122 3511 1231 3590 faerit,
1256 3533 1367 3577 earum
1398 3513 1559 3598 probavit

503 3616 695 3702 ademptio,⁸
728 3636 825 3703 quem
862 3614 997 3680 morbus
1035 3614 1186 3700 corporis,
1221 3615 1396 3700 temptatio
1435 3618 1559 3682 uxoris.

503 3719 681 3783 amicorum
731 3715 926 3804 exprobatio
976 3715 1148 3801 spectabili
1197 3715 1342 3781 reddidit
1392 3718 1560 3802 patientia

503 3821 679 3885 clariorem.
724 3819 798 3885 Rex
831 3818 965 3906 Davyd,
1001 3840 1066 3905 quo
1099 3839 1196 3884 nemo
1228 3817 1339 3897 ditior,
1367 3819 1425 3883 sed
1458 3841 1559 3886 nemo

502 3923 655 4002 sanctior,
679 3941 744 4008 quo
767 3920 878 3986 nullus
901 3919 1083 4001 sublimior,
1106 3920 1164 3985 sed
1195 3918 1352 3985 humilior
1373 3919 1496 3999 nullus,
1521 3927 1559 3986 et

502 4025 592 4091 inter
628 4023 799 4090 thesauros
836 4024 1027 4088 innumeros
1064 4021 1229 4109 sepelitur,
1276 4028 1312 4086 et
1355 4021 1445 4087 inter
1489 4021 1559 4089 Dei

502 4129 623 4193 amicos
660 4124 775 4191 ceteris
812 4127 939 4212 gratior
980 4129 1195 4210 computatur.
1264 4123 1372 4188 Nemo
1417 4125 1559 4210 proinde

502 4230 648 4306 miretur,
672 4227 701 4292 si
723 4232 835 4292 noster
858 4227 1042 4292 Edwardus
1064 4233 1099 4292 et
1120 4248 1177 4290 rex
1202 4227 1331 4292 dicatur
1353 4231 1389 4291 et
1410 4233 1557 4306 sanctus,

500 4353 599 4416 quem
629 4330 791 4397 cernimus
825 4337 860 4394 et
892 4329 928 4393 in
961 4329 1087 4394 divitiis
1117 4350 1265 4414 egenum,
1296 4335 1331 4393 et
1361 4328 1397 4393 in
1429 4329 1558 4396 deliciis

632 4693 717 4744 'Acta
726 4707 754 4743 x.
766 4699 806 4743 ³4.
1016 4699 1020 4752 1
1083 4691 1234 4758 ἀιίειιιρείο]
1248 4693 1349 4756 adepti),
1361 4691 1418 4743 MS.

631 4771 801 4823 amimam.
816 4775 836 4820 1.
1016 4755 1020 4826 1
