3567 5800
517 834 581 897 312
782 848 849 897 1110.
873 848 920 895 os
942 846 1076 897 omero.
1099 846 1188 895 seue.
1212 846 1300 897 msr.

515 1032 619 1118 pellit,
682 1033 761 1098 “Et
783 1030 864 1109 Tu,''
902 1033 1020 1119 inquit,
1060 1038 1078 1067 “
1095 1034 1244 1113 Domine,
1277 1056 1449 1119 usquequo
1485 1034 1567 1097 obli-

514 1134 646 1201 visoeris
667 1156 720 1201 me
742 1136 779 1200 in
800 1136 925 1201 fineml
974 1134 1154 1222 Usquequo
1176 1136 1301 1201 avertis
1323 1136 1441 1202 faeiem
1464 1136 1566 1201 Tuam

514 1261 536 1302 a
561 1242 638 1303 mel
699 1238 771 1304 Ubi
808 1243 887 1304 sunt
925 1260 1002 1327 ergo
1035 1239 1202 1325 magnalia
1233 1260 1308 1325 quae
1345 1244 1564 1304 narraverunt

514 1344 623 1427 patres
645 1341 759 1421 nostri,
783 1363 881 1429 opere
903 1363 978 1428 quae
999 1345 1154 1428 operatus
1176 1362 1210 1407 es
1232 1341 1270 1406 in
1291 1341 1409 1407 diebus
1433 1346 1566 1407 eonunl

515 1444 612 1510 Itane
633 1445 691 1531 qui
721 1444 839 1510 alienis
872 1444 1019 1511 didicisti
1040 1443 1188 1509 misereri
1220 1466 1347 1533 semper
1372 1450 1408 1511 et
1437 1466 1565 1533 paruere

515 1546 593 1612 Tibi
622 1548 849 1625 servientibm,
873 1547 953 1612 luis
986 1547 1153 1635 deputatis
1179 1548 1342 1627 laudibus,
1367 1548 1447 1613 Tuis
1477 1548 1566 1613 obse-

513 1650 600 1736 quiis
628 1652 824 1738 mancipatis
855 1650 986 1717 claudes
1019 1651 1077 1715 ille
1098 1650 1225 1717 viscera
1254 1650 1413 1738 pietatis?
1470 1650 1564 1716 Itane

513 1776 629 1840 corpus
651 1754 740 1839 quod
770 1754 863 1841 regia
893 1752 1120 1819 munificentia
1153 1752 1311 1819 hactenns
1341 1753 1456 1819 aluisti
1479 1775 1563 1819 nuno

512 1856 657 1921 febribus
690 1858 949 1923 oonsumendum
986 1855 1170 1942 exposuisti
1179 1856 1200 1921 P·
1255 1855 1301 1921 Et
1337 1856 1469 1921 utinam
1501 1858 1562 1923 eito

512 1960 791 2025 consumendum!
837 1959 904 2024 Sed
925 1958 1012 2024 heu!
1040 1958 1126 2024 heu!
1151 1959 1319 2047 depascor,
1342 1962 1378 2024 et
1399 1980 1468 2023 non
1491 1980 1561 2025 oon·

512 2084 645 2143 sumor3
678 2068 842 2149 torqueor,
872 2067 907 2127 et
940 2083 1009 2126 non
1040 2060 1182 2141 morien
1219 2061 1293 2127 vita
1320 2061 1425 2127 dolori
1448 2068 1508 2139 est,
1530 2066 1561 2127 et

511 2187 578 2231 non
610 2165 746 2244 finitum
781 2186 870 2230 mors
895 2164 1064 2241 desiderio,
1089 2170 1123 2229 et
1144 2185 1213 2230 non
1236 2162 1437 2231 conceditur.
1501 2164 1560 2231 Sed

510 2266 591 2353 quid
613 2267 705 2347 faeie,
728 2268 823 2353 quasi
849 2266 971 2331 iudicio
994 2265 1195 2331 contendens
1218 2266 1346 2347 Tecum,
1370 2288 1446 2331 oum
1469 2268 1560 2332 mise·

510 2368 684 2435 rioordiam
707 2375 828 2455 petam,
850 2391 911 2435 neo
933 2390 1130 2455 praesumam
1154 2368 1194 2433 de
1216 2368 1361 2433 iudieiol
1422 2368 1559 2435 Obsecro

510 2472 654 2557 proinde,
687 2471 772 2537 bone
805 2471 888 2549 Rex,
919 2471 1145 2536 amantissime
1175 2470 1338 2557 Princeps,
1364 2470 1471 2536 duleis
1503 2472 1559 2537 Pa·

509 2580 612 2649 trone,
643 2577 776 2639 moveat
806 2572 865 2638 illa
899 2572 1047 2659 piissima
1077 2573 1204 2638 viscera
1238 2574 1310 2637 Tua
1342 2574 1466 2638 servuli
1501 2576 1558 2639 Tui

509 2681 625 2741 tantus
656 2675 757 2752 dolor,
781 2680 816 2740 et
837 2676 931 2741 oculo
962 2698 1029 2763 quo
1066 2674 1163 2762 longe
1196 2676 1303 2763 posita
1334 2698 1464 2743 eernere
1488 2700 1560 2743 con·

508 2778 654 2856 suevisti‚
678 2778 759 2865 quid
780 2778 816 2841 in
839 2777 890 2843 his
912 2778 1105 2845 miserandis
1128 2777 1306 2844 visceribus
1328 2780 1410 2845 meis
1433 2786 1559 2867 agatur,

509 2880 706 2968 diligentius·
746 2881 976 2968 eontemplare,
1022 2885 1057 2947 et
1102 2903 1202 2968 quum
1247 2880 1499 2950 intolerabiliter
1538 2907 1558 2948 a

509 2985 630 3072 frigore
651 2983 756 3050 nimio
778 2983 822 3049 ad
848 2983 988 3049 calorem
1019 2989 1185 3050 transeam
1215 2985 1365 3066 nimium,
1388 2987 1558 3075 miseratus

508 3087 653 3153 intende
716 3085 745 3152 Ο
769 3092 892 3152 tremor
921 3086 1099 3166 horribilis,
1122 3087 1221 3152 ardor
1246 3087 1447 3154 indicibilis!
1501 3091 1558 3154 At-

509 3189 617 3270 tende,
656 3190 842 3254 dulcissime
880 3189 1033 3266 Domine,
1072 3189 1218 3270 attende,
1256 3195 1290 3254 et
1327 3189 1413 3268 vide,
1449 3193 1479 3256 si
1512 3197 1557 3258 est

509 3293 603 3358 dolor
624 3293 710 3358 siout
732 3291 827 3358 dolor
849 3313 949 3356 meus
1003 3291 1040 3356 si
1062 3291 1236 3379 indignum
1260 3292 1385 3358 iudieas
1407 3295 1557 3374 sanitate,

507 3395 561 3460 vel
585 3394 729 3460 dolorem
764 3395 907 3459 termina
940 3393 1074 3460 morte.”
1135 3395 1231 3460 Inter
1264 3391 1345 3461 baeo'
1363 3395 1468 3462 verba
1497 3399 1559 3462 sin-

507 3499 620 3584 gultus
641 3497 848 3583 lacrimaeque
879 3502 1106 3583 prorumpunt,
1130 3519 1190 3563 neo
1218 3499 1356 3563 ulterius
1378 3521 1431 3564 res
1453 3499 1559 3566 verbis

507 3600 625 3685 agitur,
650 3600 707 3665 sed
730 3599 910 3665 affectibus.
973 3599 1103 3666 Deinde
1130 3599 1271 3688 expletis
1298 3602 1474 3667 missarum
1498 3603 1557 3685 sol-

507 3701 644 3778 lemniis,
681 3701 788 3788 surgit
825 3702 868 3766 ab
911 3702 1085 3768 oratione:
1132 3706 1167 3768 et
1205 3724 1277 3768 ecee
1322 3704 1415 3769 dolor
1455 3707 1559 3770 omnis

506 3804 712 3884 abscesserat,
735 3810 770 3869 et
801 3805 895 3891 quasi
928 3825 1017 3870 novo
1051 3804 1180 3891 perfusa
1212 3804 1382 3893 refrigerio
1413 3807 1558 3895 vigorem

451 3975 457 3988 ,
505 3908 683 3993 pristinum
707 3906 856 3972 membra
882 3911 1001 3972 cuneta
1026 3912 1278 3994 resumpserant.
1337 3908 1452 3996 Ooepit
1474 3912 1559 3998 eogi-

506 4016 577 4075 tare
599 4010 640 4076 de
662 4010 758 4088 oibo;
795 4013 831 4075 et
861 4010 978 4074 statim
1001 4009 1095 4096 pulso
1128 4009 1261 4076 fastidio
1284 4011 1336 4076 vis
1358 4013 1555 4098 appetitiva¹

506 4113 549 4176 ad
571 4113 636 4177 eibi
659 4111 857 4177 desiderium
879 4111 1055 4177 excitatur.
1112 4111 1203 4192 Quid
1225 4112 1345 4198 plural
1400 4115 1557 4182 Perfeolae

505 4215 655 4280 redditus
691 4214 838 4292 sanitati,
872 4219 970 4279 tanto
1005 4213 1123 4279 dehine
1156 4213 1309 4280 devotius
1343 4219 1450 4282 sancti
1484 4241 1557 4284 oon·

505 4319 635 4383 sessoris
680 4317 837 4382 Edwardi
882 4316 1047 4402 obsequiis
1093 4321 1128 4382 et
1172 4316 1325 4383 laudibus
1372 4319 1555 4400 insistebat,

506 4427 631 4506 quanto
654 4421 761 4486 fuerat
784 4421 820 4484 in
842 4419 948 4504 seipso
971 4419 1042 4484 eius
1065 4419 1225 4486 virtutem
1248 4425 1411 4507 expertus

509 4625 603 4632 ..m—...-
616 4625 652 4635 ...9-
692 4625 750 4630 -.-...
761 4625 779 4630 -.
789 4621 1317 4630 .-.-.--.——.--—-—.-——....----
1324 4625 1352 4630 m.
1364 4627 1370 4630 .
1398 4625 1425 4632 ...-
1438 4627 1502 4634 -—.—.

832 4752 838 4782 ¹
858 4749 1008 4817 appetitiva]
1028 4747 1152 4820 appetivi,
1163 4749 1219 4802 MS.
