3567 5800
442 939 487 988 nn
501 939 626 988 -oasrrs
649 939 772 992 nesure
793 941 987 994 enan-rr.
1013 931 1062 993 50.
1220 931 1284 994 323

230 1123 281 1189 ita
304 1124 554 1212 glorificandum
577 1130 762 1194 censuimus
784 1135 819 1195 et
843 1129 962 1195 delatis
986 1129 1160 1215 preconiis
1180 1129 1285 1194 hono·

229 1227 372 1292 randum
402 1230 439 1293 in
467 1232 572 1310 terris,
601 1233 687 1297 siout
711 1233 852 1298 eundem
879 1231 1096 1298 confessorem
1120 1231 1284 1296 Dominus

229 1352 289 1416 per
319 1353 413 1396 suam
442 1333 583 1420 gratiam
613 1334 811 1421 glorificavit
842 1337 879 1400 in
909 1335 1017 1400 coelis:
1057 1340 1097 1400 ut
1128 1334 1282 1400 videlicet
1343 1337 1347 1344 ’

229 1433 320 1498 inter
341 1440 470 1500 sanctos
492 1437 691 1502 confessores
714 1436 755 1503 de
779 1443 887 1504 cetero
913 1441 1116 1516 numeretur,
1141 1438 1200 1522 qui
1222 1437 1283 1504 hoo

229 1536 338 1622 ipsum
360 1538 448 1624 apud
470 1539 579 1605 Deum
602 1540 704 1628 signis
727 1542 850 1606 meruit
865 1545 899 1606 et
914 1541 1096 1605 virtutibus
1120 1541 1280 1627 optinere.

230 1638 318 1719 Quia
340 1641 442 1726 igitur
464 1642 557 1708 decet
572 1644 796 1709 venerandum
811 1649 923 1709 vestra
944 1644 1126 1730 postulavit
1147 1643 1281 1708 devotio

230 1747 266 1807 et
295 1742 475 1811 colendum.
537 1745 803 1812 Universitatem
832 1750 979 1812 vestram
1008 1767 1067 1832 per
1103 1746 1282 1832 apostolica

230 1843 352 1931 scripta
374 1868 544 1913 monemus
570 1853 605 1914 et
629 1849 843 1914 exhortamur
872 1849 910 1914 in
936 1849 1091 1928 Domino,
1120 1849 1277 1934 quatinus

156 1977 158 1982 ·
231 1947 280 2011 ita
306 1947 457 2037 deinceps
484 1973 559 2016 eum
584 1952 747 2017 studeatis
772 1952 893 2017 debitis
918 1952 1082 2036 obsequiis
1108 1951 1277 2030 honorare,

230 2054 269 2114 ut
307 2051 409 2137 ipsius
453 2053 739 2119 intercessionibus
777 2053 866 2141 apud
904 2054 1092 2120 districtum
1130 2052 1281 2119 Iudicem

230 2155 421 2220 mereamini
453 2157 585 2221 veniam
622 2157 778 2244 optinere,
811 2167 844 2223 et
877 2156 1056 2242 gloriosum
1089 2157 1126 2220 in
1155 2161 1281 2222 aeterna

229 2256 436 2324 beatitudine
465 2259 638 2346 praemium
664 2259 823 2325 invenire.
869 2259 996 2325 Datum
1019 2259 1185 2345 Anagniae
1208 2280 1278 2345 sep·
1293 2265 1396 2345 Date·

231 2359 314 2425 timo
339 2360 419 2427 Idus
442 2361 644 2428 Februarii.”
1292 2333 1421 2398 Anagnia,

229 2569 284 2630 tus
311 2567 411 2632 abbas
442 2567 629 2633 convocatis
659 2567 904 2634 venerabilibus
933 2569 1080 2654 personis
1107 2573 1179 2634 tam
1210 2569 1280 2654 epi-

230 2669 335 2756 scopis
357 2691 457 2756 quam
488 2671 666 2737 abbatibus
697 2673 733 2735 in
764 2671 897 2736 ecclesia
924 2670 1278 2749 westmonasteriensi,

231 2771 337 2858 primo
368 2794 476 2838 coram
507 2773 660 2838 omnibus
691 2773 822 2838 recitari
849 2773 927 2838 fecit
955 2775 1069 2838 literas
1095 2774 1281 2861 apostolicae
1397 2819 1401 2827 ·

231 2875 437 2941 auctoritatis
461 2875 501 2941 de
531 2877 622 2942 beati
648 2876 734 2963 regis
761 2876 1019 2942 canonizatione.
1067 2875 1187 2963 Sisque
1209 2876 1282 2941 uni-

231 2978 332 3043 versis
369 2978 645 3066 applaudentibus
691 2980 946 3046 assentientibus
984 2985 1019 3045 et
1057 2980 1166 3045 Deum
1203 3001 1282 3044 voce

231 3102 352 3167 magna
388 3082 600 3148 laudantibus
644 3082 684 3147 de
730 3082 870 3170 glorioso
909 3082 1045 3147 Domini
1091 3082 1281 3162 confessore,

229 3184 328 3248 missa
351 3183 551 3251 sollemniter
575 3186 738 3251 celebrata
761 3190 812 3251 est
825 3208 834 3261 ;
848 3246 852 3265 ,
868 3208 968 3272 quam
991 3191 1104 3250 tamen
1128 3185 1282 3248 dominus

231 3308 316 3373 papa
345 3286 450 3373 primo
481 3286 518 3352 in
540 3288 673 3353 ecclesia
701 3288 851 3353 Romana
878 3286 1001 3353 fecerat
1027 3308 1086 3374 per
1113 3307 1219 3351 unum
1242 3286 1283 3351 de

229 3389 447 3455 cardinalibus
477 3390 655 3456 honorifice
686 3390 771 3455 siout
803 3390 941 3477 dignum
969 3391 1078 3455 fuerat
1107 3389 1282 3455 decantari

233 3491 299 3558 Sed
315 3492 393 3579 quis
416 3494 520 3558 causis
544 3493 764 3558 existentibus
785 3514 844 3557 rex
868 3492 975 3557 adhuc
996 3493 1033 3558 in
1055 3492 1284 3558 transmarinis

224 3595 381 3681 ¹partibus
404 3596 532 3683 agebat,
557 3597 654 3661 iuxta
684 3596 878 3661 mandatum
901 3595 1005 3682 ipsius
1028 3600 1062 3660 et
1085 3595 1283 3661 desiderium

232 3698 338 3764 dilata
369 3704 419 3764 est
449 3722 552 3786 usque
582 3698 618 3763 in
649 3700 794 3765 reditum
827 3720 924 3763 suum
955 3704 989 3765 et
1017 3698 1122 3763 eidem
1154 3704 1286 3764 servata

232 3802 315 3865 sacri
338 3802 480 3889 corporis
503 3803 669 3867 relevatio.
708 3801 861 3867 Decursis
877 3801 944 3867 lere
960 3800 1100 3866 duorum
1122 3824 1284 3867 annorum

232 3902 401 3969 curriculis
423 3926 497 3991 rege
520 3928 541 3969 a
564 3904 771 3970 Normannia
794 3906 830 3969 in
853 3903 1011 3991 Angliam
1037 3904 1104 3969 iam
1130 3926 1284 3991 regresso,

232 4008 367 4093 cupiens
388 4007 489 4073 abbas
512 4012 698 4095 susceptum
729 4008 901 4095 negotium
924 4007 968 4071 ad
991 4008 1144 4072 effectum
1166 4006 1284 4093 perdu-

233 4132 304 4175 cere
336 4116 370 4176 et
401 4110 483 4175 illud
517 4134 645 4177 sacrum
676 4132 792 4198 corpus
815 4109 905 4196 quod
937 4108 1003 4174 iam
1038 4109 1097 4175 diu
1129 4110 1166 4174 in
1197 4114 1286 4174 terra

231 4213 382 4291 latuerat,
417 4212 454 4279 in
486 4212 697 4306 eminentiori
730 4220 764 4279 et
801 4211 983 4279 honestiori
1015 4212 1085 4278 loco
1124 4211 1286 4287 collocem,

231 4338 305 4381 cum
327 4338 402 4403 rege
425 4323 586 4383 secretum
614 4323 648 4382 et
672 4316 867 4403 diligentem
901 4316 941 4380 de
972 4312 1167 4380 celebranda
1196 4313 1287 4379 beati

229 4420 315 4506 regis
336 4411 552 4486 translatione
575 4424 761 4487 tractatum
792 4418 919 4499 habuit,
943 4417 1114 4504 postulans
1136 4422 1176 4481 ut
1198 4416 1285 4482 bono

230 4523 390 4609 principio
423 4545 557 4589 manum
595 4523 719 4589 debitae
759 4509 1056 4588 consummationis
1087 4519 1286 4599 adhiberet3

231 4626 413 4713 praesertim
435 4649 509 4692 cum
540 4649 582 4692 ex
613 4626 683 4692 eius
707 4626 866 4690 mandato
889 4626 1051 4711 acceperit
1078 4624 1287 4710 praesentiam

229 4730 333 4815 ipsius
366 4729 441 4795 huic
477 4730 615 4818 negotio
653 4751 722 4796 esse
761 4728 1008 4815 expectandam.
1063 4727 1195 4791 Annuit
1228 4749 1288 4792 rex

230 4832 320 4898 iusta
350 4833 510 4919 poscenti,
546 4832 699 4919 diemque
739 4837 872 4909 certum,
906 4832 1004 4898 iuxta
1037 4830 1125 4917 quod
1158 4832 1290 4918 utrique

1085 4946 1155 5011 12
