3567 5800
712 1566 948 1616 Councils
970 1567 1030 1615 of

709 1634 1024 1683 winchester

709 1703 809 1750 and
845 1701 1016 1750 Calue.

1051 848 1180 910 130
1571 860 1702 910 mc,
1753 860 1847 909 DE
1892 860 2159 909 emme.
2208 860 2383 910 senc.
2433 860 2608 911 msr.

1054 1051 1372 1116 uxoribus
1459 1048 1879 1114 induxerunt
2005 1047 2179 1113 Nam
2269 1070 2438 1113 unus
2529 1070 2773 1130 eorum,
2863 1049 3152 1116 Elferius

1057 1155 1341 1232 nomine,
1405 1154 1626 1218 omnia
1694 1174 1860 1240 pene
1921 1153 2318 1218 monasteria
2375 1174 2525 1239 quae
2587 1154 3153 1219 reverentissimus

1061 1255 1513 1322 Ethelwoldus
1602 1256 1672 1319 in
1778 1255 2116 1341 provincia
2207 1255 2604 1321 Marciorum
2695 1261 3154 1323 construxerat

1060 1382 1300 1447 magna
1344 1382 1497 1425 usus
1540 1358 1898 1424 insolentia
1942 1359 2293 1423 subvertit.
2389 1358 2522 1424 Sed
2549 1381 2747 1446 super
2789 1360 2893 1424 his
2939 1384 3157 1447 quaes-

1061 1463 1355 1528 tionibus
1399 1463 1485 1526 ad
1530 1462 1797 1526 beatum
1845 1461 2268 1526 Dunstanum
2313 1461 2562 1540 delatis,
2609 1463 2933 1547 synodum
2977 1464 3157 1550 apud

1066 1566 1495 1653 Wyntoniam
1545 1565 1983 1652 congregavit,
2031 1571 2099 1630 et
2145 1566 2215 1629 in
2260 1565 2476 1631 medio
2520 1565 2808 1652 partium
2849 1567 3157 1633 conflictu

1067 1669 1531 1757 disputationis
1590 1669 1811 1755 imago
1865 1667 2228 1745 Dominica,
2277 1691 2424 1753 quae
2469 1669 2944 1735 altercantibus
2981 1676 3158 1736 asta—

1063 1773 1184 1838 bat
1249 1772 1322 1837 in
1384 1773 1667 1850 ecclesia,
1748 1793 2049 1858 expresse
2121 1772 2341 1835 locuta
2401 1770 2500 1836 ita
2573 1773 2915 1859 allegabat,
2979 1774 3157 1859 quod

1060 1876 1320 1942 clericos
1382 1896 1605 1939 omnes
1652 1880 1721 1939 et
1786 1895 2009 1939 eorum
2062 1874 2349 1938 fautores
2397 1874 2693 1939 confusos
2746 1875 3040 1942 reddidit
3084 1883 3155 1942 et

1059 1980 1362 2065 elingues,
1458 1978 1589 2043 Sed
1634 1977 1846 2042 adhuc
1892 1977 2131 2041 animis
2180 1982 2560 2043 exactorum
2609 1978 2971 2043 crudelium
3017 2003 3156 2045 non

1057 2082 1317 2159 sedatiS‚
1366 2081 1497 2145 alia
1542 2081 1832 2166 synodus
1881 2079 2084 2146 Calne
2131 2080 2569 2145 constituitur.
2691 2081 2825 2146 Ubi
2885 2104 3032 2147 cum
3078 2084 3155 2147 in

1057 2185 1379 2263 cenacuIO,
1458 2184 1728 2248 absente
1805 2205 1957 2269 rege
2037 2188 2307 2270 propter
2390 2183 2782 2249 imbecillem
2866 2190 3149 2265 aetatem,

1055 2287 1546 2352 considentibus
1589 2286 1800 2352 totius
1849 2286 2036 2374 regni
2082 2285 2508 2365 senatoribuS,
2557 2309 2797 2374 magno
2843 2289 3152 2355 conflictu

1054 2390 1204 2454 hinc
1233 2390 1385 2454 inde
1433 2390 1863 2476 allegantium
1892 2411 1995 2455 res
2040 2396 2359 2475 ageretur,
2407 2395 2474 2454 et
2506 2389 2931 2456 Dunstanum
2962 2394 3154 2479 quasi

1055 2492 1335 2559 ecclesiae
1388 2515 1650 2556 murum
1712 2492 2074 2557 multorum
2118 2492 2332 2556 iacula
2374 2491 2790 2579 impeterent,
2839 2517 2957 2558 nec
2999 2495 3153 2560 vin-

713 2592 1032 2644 Mimculous
1056 2602 1356 2676 ceretur;
1430 2596 1739 2660 solarium
1789 2594 2011 2659 subito
2082 2600 2314 2673 totum,
2381 2595 2453 2660 in
2522 2618 2653 2681 quo
2699 2598 3149 2679 considebant,

712 2675 895 2724 escape
918 2662 979 2711 of

711 2726 958 2778 Dunstan.

709 3733 1023 3797 Rog.Wend.

706 3803 808 3850 and
821 3801 967 3852 Matt.

713 3867 920 3918 VVestm.

712 3934 846 3985 A.D.
872 3940 983 3987 977.

714 4038 964 4091 Edward’s

712 4105 1009 4158 submission

707 4178 760 4220 to
785 4173 989 4226 Elsrida.

1056 2723 1201 2766 cum
1263 2699 1501 2764 axibus
1566 2697 1951 2764 dissolvitur
2012 2703 2080 2763 et
2155 2698 2504 2779 trabibus;
2581 2700 3013 2789 omnibusque
3074 2703 3151 2767 in

1047 2810 1291 2869 terram
1352 2802 1753 2868 truculenter
1799 2803 1992 2883 elisiS,
2039 2802 2214 2867 solus
2261 2802 2655 2868 Dunstanus
2701 2809 2886 2870 stans
2946 2828 3145 2892 super

1045 2931 1245 2973 unam
1306 2929 1452 2994 qum
1513 2911 1839 2992 superstes
1903 2913 2047 2972 erat
2091 2907 2348 2972 trabem
2394 2908 2639 2994 absque
2685 2909 2822 2974 ulla
2866 2909 3144 2975 laesione

1045 3012 1271 3076 evasit.
1398 3010 1617 3076 Ceteri
1681 3032 1904 3074 omnes
1972 3011 2264 3076 adversae
2327 3010 2535 3098 partis
2599 3012 2706 3076 vel
2776 3012 3146 3078 exanimati

1046 3119 1218 3192 sunt,
1268 3112 1375 3177 vel
1441 3113 1752 3199 languore
1796 3118 2114 3200 perpetuo
2180 3117 2339 3177 sunt
2385 3113 2656 3178 detenti.
2750 3114 2899 3179 Hoc
2943 3116 3145 3180 mira-

1046 3219 1263 3282 culum
1331 3237 1555 3302 pacem
1600 3215 1880 3281 contulit
1924 3216 2120 3280 beato
2166 3215 2517 3281 Dunstano
2562 3222 2630 3281 et
2676 3217 3009 3282 monachis
3053 3219 3146 3282 ab

1046 3323 1302 3406 impetu
1376 3319 1755 3384 clericorum
1833 3323 1901 3383 ct
1987 3319 2289 3399 aliorum,
2364 3320 2583 3407 gratia
2682 3320 2822 3385 haec
2897 3325 2964 3384 et
3039 3321 3151 3385 his

1048 3423 1287 3488 similia
1315 3426 1626 3508 operante
1656 3420 1922 3487 Divina.

1051 3716 1550 3782 CONTINUATJO.
1668 3713 1864 3795 Quod
1915 3736 2028 3778 ‘rese
2082 3714 2476 3779 Edu-ardus
2528 3736 2883 3780 novercam
2935 3736 3140 3782 suam

1647 3839 1947 3901 conssrua
1993 3816 2241 3902 pietate
2284 3817 2538 3883 colebat.

1138 4021 1453 4086 INTEREA
1526 4041 1645 4084 rex
1707 4018 2077 4084 Edwardus
2140 4018 2411 4085 fratrem
2488 4019 2833 4106 puerulum
2910 4018 3138 4083 Ethel-

1046 4126 1274 4189 redum
1339 4129 1406 4188 et
1468 4145 1816 4189 novercam
1865 4123 2188 4187 Elfridam
2235 4146 2521 4210 congrua
2567 4123 2817 4210 pietate
2863 4122 3137 4188 colebat.

1046 4228 1222 4291 Nam
1289 4227 1603 4313 praedicta
1655 4225 1911 4290 Elfrida
1971 4226 2179 4290 filium
2231 4248 2420 4292 suum
2471 4225 2897 4291 Ethelredum
2958 4228 3139 4290 omni

1044 4331 1210 4407 nisu,
1279 4335 1357 4395 ut
1417 4330 1722 4409 diximuS,
1783 4329 1858 4393 in
1916 4350 2136 4415 regem
2196 4351 2578 4415 promovere
2639 4327 2925 4404 studenS‚
3004 4328 3141 4392 Ed-

1044 4434 1339 4497 wardum
1366 4433 1586 4497 verbis
1630 4432 2017 4497 adulatoriis
2062 4432 2526 4498 circumvenire
2572 4431 2916 4496 laboravit.
3009 4431 3141 4497 Ille

1042 4558 1197 4601 vero
1258 4541 1548 4623 paternae
1605 4535 1942 4623 religionis
2003 4540 2070 4600 et
2129 4535 2398 4622 pietatis
2471 4536 2753 4621 vestigia
2811 4533 3141 4616 imitatuS‚

1041 4639 1210 4724 regis
1256 4639 1662 4704 solummodo
1707 4639 1835 4702 sibi
1879 4660 2116 4704 nomen
2162 4639 2478 4716 retinens,
2536 4636 2894 4702 Ethelredo
2939 4637 3142 4702 fratri

1041 4746 1109 4806 et
1160 4743 1355 4806 matri
1408 4742 1546 4806 eius
1608 4742 1827 4806 omnia
1888 4743 2072 4829 regni
2120 4741 2386 4827 negotia
2447 4741 2747 4806 ordinare
2809 4739 3137 4824 permisit.
