3567 5800
487 827 529 892 86
742 841 807 892 iiic.
831 841 878 892 na
900 841 1035 894 cinare.
1059 841 1148 894 sinc.
1171 842 1258 896 mer.

484 1047 655 1113 hominum
701 1046 758 1114 sed
794 1048 916 1134 gaudio
947 1048 1137 1135 angelorum
1170 1051 1371 1136 prosaqutua
1440 1049 1538 1138 Regia
1725 1030 1730 1103 i

486 1171 565 1216 vero
588 1169 704 1237 corpus
738 1148 929 1236 Wyntoniae
961 1150 1108 1218 delatum
1130 1156 1190 1229 ast,
1213 1155 1248 1218 et
1280 1173 1302 1216 a
1323 1153 1422 1218 beato
1445 1151 1538 1218 Dun-

485 1258 581 1319 stano
603 1252 638 1317 in
661 1252 767 1320 veteri
800 1253 999 1320 monasterio
1033 1253 1223 1321 honorificae
1254 1253 1401 1322 traditur
1433 1257 1536 1342 aepul-

485 1359 578 1421 turae.

314 1780 471 1844 navae.
807 1781 810 1788 ·
896 1762 976 1830 Oia.
1001 1762 1133 1830 XVIII.

314 1847 450 1900 anania„

313 1911 451 2034 ‘diffie
574 1965 622 2034 ia
645 1965 860 2034 camaram
881 1964 971 2053 aaa
992 1964 1139 2034 raaia
1151 1965 1233 2053 fiai
1252 1966 1449 2056 amatae

851 2068 942 2154 repca
965 2067 1163 2138 Edoaaadi

312 2263 451 2382 ffiffi
528 2273 686 2340 Pnssnio
723 2295 800 2361 rega
838 2273 1000 2358 liodrada,
1041 2279 1080 2340 ut
1114 2275 1269 2353 diximus,
1301 2279 1441 2354 mortuo,
1464 2295 1534 2340 sno

310 2396 441 2466 (Euan).
482 2377 578 2440 cessit
599 2377 630 2440 ei
651 2376 688 2440 in
709 2396 848 2462 regnum
871 2375 1031 2443 Edwinus
1063 2376 1253 2445 Eadmundi
1284 2379 1371 2465 regis
1393 2379 1482 2444 filius
1502 2383 1536 2443 et

481 2483 603 2544 sancta
649 2477 780 2565 Algivae
826 2479 959 2566 reginoe,
1006 2484 1041 2545 et
1078 2480 1168 2567 apud
1205 2481 1461 2568 Kyngastonam
1492 2481 1534 2545 ab

480 2579 597 2646 Odone
636 2579 868 2647 cantuariensi
905 2582 1147 2670 archiepiscopo
1184 2583 1309 2670 regiam
1345 2583 1533 2648 unctionem

479 2683 630 2770 suscepit.
688 2682 778 2748 Huic
811 2685 964 2770 quaedam
998 2686 1117 2751 mulier
1137 2686 1259 2772 inepta,
1293 2685 1371 2751 licet
1400 2687 1534 2751 natione

478 2787 639 2872 praecelsa,
663 2807 739 2851 cum
762 2786 877 2852 adulta
908 2788 979 2853 filia
1011 2810 1070 2875 per
1098 2788 1279 2854 nefandum
1299 2788 1535 2854 familiaritatis

327 2889 356 2966 ‚5⁸
478 2888 677 2955 lenocinium
692 2889 889 2969 adhaerabat,
904 2892 947 2957 ¹ut
969 2912 1038 2957 sese
1053 2891 1109 2957 vel
1118 2890 1223 2958 filiam
1237 2915 1332 2959 suam
1347 2890 1409 2958 aab
1429 2893 1531 2979 [con]

400 2994 406 3007 “
478 2992 582 3080 iugali
603 2993 704 3059 titulo
726 2994 873 3059 sociaret.
944 2994 1034 3074 Quas
1056 2994 1121 3073 ille,
1144 3001 1184 3062 ut
1205 2996 1309 3072 aiunt,
1333 2996 1532 3074 alternatim,

478 3097 567 3182 quod
597 3096 705 3162 dicere
739 3097 830 3162 nefas
853 3101 911 3175 est,
936 3097 1073 3184 palpatu
1107 3102 1142 3163 et
1172 3098 1295 3187 absque
1316 3121 1440 3187 pavore
1461 3100 1535 3165 libi·

477 3198 592 3265 dinosa
625 3199 795 3265 tractavit.
865 3199 908 3264 In
944 3199 1000 3265 dia
1036 3201 1134 3279 enim,
1158 3222 1224 3287 qua
1255 3202 1290 3266 in
1323 3224 1434 3289 regem
1460 3224 1535 3269 coii-

475 3307 619 3369 seoratus
665 3308 723 3379 est,
762 3302 933 3367 confestim
977 3306 1053 3390 post
1096 3303 1229 3392 regiam,
1266 3304 1455 3370 unctionem
1493 3306 1533 3371 de

474 3426 588 3471 mensa
624 3403 736 3470 subito
771 3405 933 3490 prosiluit,
966 3404 1130 3492 principes
1168 3411 1202 3472 et
1235 3407 1315 3475 laia
1345 3408 1533 3496 relinquens

474 3507 634 3585 convivia,
673 3512 712 3573 ut
750 3506 893 3573 lascivus
925 3508 1133 3597 voluptatem
1165 3508 1321 3575 lenocinii
1342 3511 1533 3577 vinolentus

473 3609 657 3695 compleret.
719 3608 899 3696 Displicuit
929 3610 1055 3676 factum
1089 3610 1315 3699 optimatibus,
1338 3618 1374 3678 et
1395 3614 1533 3679 beatum

472 3711 627 3777 abbatem
651 3709 866 3777 Dunstanum
898 3712 1060 3778 miserunt
1093 3714 1136 3779 ad
1161 3735 1272 3802 regem
1295 3715 1529 3797 reducendum,

473 3814 570 3880 utin
606 3814 709 3900 regali
739 3814 893 3880 convivio
924 3814 1020 3881 fieret
1041 3816 1213 3882 'iocundus
1245 3838 1394 3884 assessor.
1464 3818 1530 3900 Qui

335 3974 336 3977 ,
471 3916 569 3983 iuxta
604 3916 789 4004 principum
811 3916 901 3983 iussa
932 3919 1089 3984 adiuncto
1120 3919 1186 3985 sibi
1214 3920 1358 4006 Oynesio
1381 3920 1531 4009 episcopo

471 4022 609 4106 cognato
639 4040 698 4085 suo
728 4019 912 4086 thalamum
944 4020 1118 4108 ingressus,
1150 4022 1352 4089 invenerunt
1375 4046 1528 4091 eoronam

470 4121 595 4208 regiam
617 4121 788 4209 splendore
811 4123 961 4188 decoram
988 4124 1101 4210 procul
1123 4146 1145 4189 a
1166 4126 1275 4211 capite
1297 4126 1442 4213 regiain
1464 4132 1529 4193 ter-

469 4246 540 4289 rain
563 4246 666 4311 usque
689 4226 895 4313 negligenter
926 4226 1085 4306 avulsam,
1107 4249 1291 4315 regemque
1311 4229 1403 4294 inter
1422 4234 1527 4295 utras-

469 4348 532 4412 que
555 4328 590 4394 in
613 4327 684 4393 luto
707 4327 883 4394 volutabro
914 4330 1130 4395 volutantem.
1199 4330 1394 4397 Duustanue
1416 4332 1519 4420 igitur

299 4461 432 4523 mmm,
469 4434 539 4494 tam
561 4430 688 4495 enormi
710 4430 797 4496 facto
831 4434 1008 4518 permotus,
1032 4432 1213 4520 principem
1235 4455 1256 4498 a
1279 4434 1434 4499 moechali
1455 4441 1526 4502 toro

300 4529 458 4608 ΙᾼΠεΙ-θθϋτ·
470 4532 632 4598 violenter
655 4532 827 4614 abstraxit
852 4534 1027 4622 positaque
1050 4536 1087 4601 iii
1109 4537 1217 4623 capite
1240 4536 1311 4602 eius
1333 4557 1462 4619 corona,
1485 4539 1527 4604 ad

246 4708 248 4712 ¹
297 4601 423 4713 faidis.
469 4634 578 4721 regale
600 4634 791 4702 convivium
812 4635 1032 4702 furibundum
1047 4638 1189 4704 reduxit
1253 4638 1346 4705 Tunc
1366 4641 1526 4707 meretrix

295 4727 406 4859 ἕξδέῖ·
468 4736 534 4815 illa,
561 4736 670 4823 Agiva
707 4743 906 4828 nuncupata,
938 4743 1056 4807 contra
1085 4741 1197 4809 virum
1228 4740 1293 4809 Dei
1314 4743 1527 4811 Dunstanum
