3567 5800
515 847 559 909 50
779 857 844 910 1³10.
867 859 916 908 nn
937 855 1071 909 cormac.
1094 857 1182 908 sruc.
1206 857 1295 908 mer.

974 1046 1053 1113 Gur.
1077 1045 1138 1110 IX

347 1211 506 1278 &allent
519 1201 572 1268 Dc
596 1197 802 1270 eccccceeiooc
827 1199 998 1269 Eduardo
1022 1199 1149 1290 pruni,
1164 1205 1378 1287 copomraeoto
1406 1195 1566 1276 marmio,

347 1279 483 1398 ttssffiff‘*
558 1301 785 1392 amata
821 1303 913 1390 aare
952 1301 1094 1392 rosam
1134 1302 1205 1372 aaa
1245 1300 1407 1384 uzarae,
1448 1297 1568 1390 aaa

346 1413 485 1467 Ηλθοῑ.
563 1405 754 1474 owacrctcc
779 1402 928 1494 Aequo.

346 1603 418 1654 AD·
431 1609 490 1682 ⁹91·
563 1595 670 1664 Anno
707 1593 843 1662 Domini
887 1595 1171 1686 noningentesimo
1208 1593 1336 1684 primo¹
1381 1589 1568 1659 Edwardus

346 1670 493 1788 ffiffi
520 1697 653 1786 primus,
707 1697 835 1764 Alfiedi
878 1698 950 1765 sive
994 1697 1133 1765 Aluredi
1185 1698 1272 1786 regis
1318 1695 1567 1786 primogenitus,

345 1802 484 1856 chemae.
518 1801 689 1868 literarum
718 1801 810 1867 cultu
837 1807 933 1886 patre
962 1801 1104 1883 inferior,
1129 1801 1187 1867 sed
1211 1798 1362 1889 potentia
1385 1797 1510 1886 pariter
1531 1799 1569 1862 et

518 1903 681 1991 dignitate
710 1901 889 1992 gloriosior,
921 1903 1015 1991 regni
1051 1903 1183 1992 Angliee
1218 1907 1269 1970 est
1301 1902 1487 1968 diademate
1517 1899 1569 1964 in-

517 2005 665 2094 signitus
726 2004 879 2090 Cumque
904 2005 941 2070 in
966 2007 1059 2093 regni
1084 2012 1171 2072 esset
1199 2005 1331 2094 fastigio
1360 2003 1569 2080 sublimatus,

517 2107 745 2174 Ethelwoldus
783 2105 879 2185 Olito,
917 2109 1059 2194 patrueli
1096 2108 1167 2174 eius
1203 2107 1300 2188 filius,
1331 2107 1389 2194 qui
1425 2127 1461 2171 ee
1489 2125 1569 2192 rege

515 2231 632 2296 genere
655 2232 723 2276 non
746 2208 901 2276 credebat
925 2210 1111 2294 inferiorem
1134 2232 1194 2289 nec
1219 2209 1370 2298 potentia
1394 2209 1569 2286 minorem,

515 2313 605 2378 omni
646 2313 723 2378 nisu
759 2309 926 2398 aspirabat
962 2312 1005 2378 ari
1047 2335 1194 2400 reguum,
1240 2315 1275 2378 et
1318 2311 1414 2378 villas
1459 2310 1569 2398 regies

515 2413 685 2482 Oxedeam
715 2419 750 2480 ct
780 2413 1012 2500 Wynburnam
1035 2419 1240 2503 nuncupatas
1264 2414 1432 2492 invadens,
1458 2413 1570 2480 vulvis

481 2549 486 2560 ·
513 2518 672 2584 obseratis
698 2538 766 2583 sese
787 2515 824 2580 in
850 2515 898 2584 eis
923 2539 997 2582 cum
1020 2519 1088 2584 suis
1112 2525 1234 2584 temere
1256 2517 1445 2583 intromisit
1492 2517 1570 2582 Hoc

512 2625 626 2688 autem
654 2621 692 2686 in
720 2619 931 2684 locosancto
957 2619 1159 2709 Outhburga
1188 2621 1259 2686 Inae
1285 2620 1371 2708 regis
1400 2641 1567 2707 germana,

515 2723 753 2788 monasterium
800 2719 970 2807 virginum
1013 2723 1085 2789 Deo
1131 2725 1326 2790 devotarum
1371 2722 1569 2789 construxit.

520 2825 667 2909 Quarum
690 2824 778 2891 idem
801 2821 1027 2892 Ethelwoldus
1049 2848 1150 2893 unam
1173 2826 1310 2893 abusive
1332 2827 1472 2914 rapiens,
1495 2847 1570 2892 cem

458 2938 461 2947 '
519 2928 583 2995 sibi
613 2928 823 2999 matrimonio
856 2930 1032 3016 copulavit
1095 2929 1186 2997 Temo
1215 2952 1273 2996 rex
1300 2930 1494 3009 Edwardus‚
1521 2932 1572 2997 rei

346 3092 387 3143 He
398 3092 407 3141 1
408 3092 467 3143 w
518 3032 650 3119 cognita
677 3034 821 3102 venitote
850 3038 891 3103 de
921 3032 1110 3100 temeritate
1147 3032 1355 3111 Ethelwoldi,
1385 3035 1570 3100 exercitum

347 3175 465 3226 enarmy
517 3132 686 3223 ingentem
723 3136 863 3226 collegit,
901 3142 935 3203 et
966 3136 1101 3203 veniens
1138 3135 1225 3223 apud
1262 3136 1464 3221 Bathouiam
1500 3159 1571 3203 nou

346 3225 485 3343 ffl'ol·
517 3236 614 3325 longe
644 3260 665 3303 a
694 3235 893 3327 Wynburna
929 3243 1037 3305 caetra
1073 3244 1216 3305 metatus
1248 3244 1308 3305 est
1364 3239 1463 3320 Quod
1493 3262 1571 3307 cum

346 3358 477 3421 ductito,
519 3338 743 3408 Ethclwoldus
774 3342 988 3431 cognovisset,
1020 3342 1061 3407 de
1090 3346 1186 3407 nocte
1222 3342 1336 3431 fugam
1364 3342 1452 3421 iniit,
1483 3340 1571 3409 Nor·

346 3425 505 3546 Quieto
518 3441 722 3508 thumbriam
755 3434 862 3531 petiit
901 3445 1078 3531 Danosqus
1115 3444 1174 3531 qui
1210 3442 1260 3509 ibi
1297 3444 1464 3532 degebant
1493 3468 1572 3533 sup

516 3544 645 3631 pliciter
701 3548 856 3634 exposcit,
902 3551 943 3613 ut
990 3568 1025 3613 sc
1069 3546 1323 3613 commilitonem
1374 3546 1573 3635 recipientes

517 3668 622 3712 unum
653 3667 694 3713 ex
724 3669 784 3716 suo
814 3650 950 3738 collegio
980 3648 1025 3715 cd
1053 3670 1164 3737 regem
1201 3646 1406 3715 Edwardum
1444 3672 1571 3739 expug-

516 3748 664 3815 nandum
695 3770 763 3817 esse
786 3750 916 3819 velint.⁹
961 3750 1028 3833 Qui
1051 3772 1129 3818 mox
1154 3750 1191 3815 in
1212 3750 1304 3838 regia
1327 3751 1495 3838 dignitate
1519 3758 1572 3819 est

395 3876 397 3881 ·
516 3853 559 3918 ab
580 3849 732 3919 omnibus
756 3853 964 3921 constitutus
1019 3852 1091 3919 Rex
1115 3874 1195 3920 vero
1223 3852 1410 3920 Edwardus
1433 3854 1477 3921 de
1500 3857 1573 3923 cius

516 3954 596 4043 lisga
624 3962 814 4037 commotus,
844 3961 884 4022 ut
913 3956 1069 4045 cognovit
1098 3977 1132 4021 se
1163 3956 1271 4043 ipsum
1307 3960 1388 4023 tunc
1424 3980 1574 4046 compre-

514 4058 659 4125 hendere
719 4081 788 4125 non
840 4080 943 4147 posse,
1000 4058 1281 4126 sanctimonialem
1325 4058 1420 4127 illem
1464 4082 1569 4147 quam

515 4167 671 4249 rapuerat
696 4162 790 4229 iubet
816 4160 860 4229 nd
888 4184 985 4231 suum
1014 4161 1251 4228 monasterium
1276 4160 1396 4229 reduci
1452 4162 1572 4230 Ethel-

516 4264 644 4331 woldus
680 4271 797 4352 parato
834 4264 967 4351 navigio
1008 4264 1237 4331 transfretavit
1272 4264 1318 4330 ad
1355 4264 1489 4345 Gallias,
1529 4272 1573 4333 ut

515 4364 646 4432 fortiori
667 4368 797 4435 rediens
820 4367 927 4433 milite
949 4366 1092 4454 stipatus
1117 4388 1228 4455 regem
1250 4366 1463 4454 inquietaret.

550 4664 1003 4787 ¹pru01n0pvenumc
1035 4670 1041 4802 Ι
1096 4669 1221 4739 ‘vam
1258 4672 1323 4739 sog.
1356 4672 1457 4740 vena,
1491 4674 1569 4729 naa

516 4731 634 4797 Wemp
651 4750 706 4800 quo,
718 4735 748 4786 M
1063 4736 1184 4801 Woems
1201 4737 1282 4804 odoia
1294 4740 1352 4794 MS.
