3567 5800
541 954 649 998 tant
671 947 724 997 in

541 1011 822 1064 westmin-

541 1088 643 1131 ster
658 1079 859 1144 Abbey.

886 751 1014 813 104
1419 764 1550 811 mc.
1598 765 1689 812 m:
1736 763 2002 812 masne.
2053 764 2229 812 srsc.
2278 763 2449 811 msr.

885 948 1133 1035 Edgari
1196 948 1476 1035 signata,
1544 948 1804 1034 integra
1869 947 2224 1012 honorifice
2285 949 2713 1011 conservatur
2787 966 3002 1031 usque

884 1052 957 1116 in
1019 1050 1412 1117 hodiernum
1476 1051 1665 1116 diem.
1778 1051 1907 1116 Per
1975 1051 2144 1115 hanc
2209 1071 2369 1116 vero
2439 1055 2688 1114 cartam
2750 1049 3003 1136 poterit

884 1155 1090 1220 lector
1151 1153 1413 1231 intueri,
1486 1157 1806 1240 quantam
1873 1153 2291 1219 devotionem
2359 1151 2816 1217 memorandus
2873 1173 2999 1215 rex

887 1257 1184 1343 Edgarus
1220 1256 1541 1321 habuerat
1587 1278 1741 1342 erga
1782 1256 2079 1321 ecclesias
2126 1255 2253 1320 Dei
2297 1275 2416 1341 per
2460 1260 2677 1320 totum
2721 1275 2999 1340 regnum

884 1381 1077 1425 suum
1140 1358 1449 1445 Angliae3
1496 1359 1819 1445 praecipue
1864 1380 1981 1445 per
2026 1360 2224 1422 istam
2293 1356 2649 1423 clausulam
2695 1357 2769 1421 in
2814 1357 2999 1420 dicta

886 1468 1070 1528 carta
1131 1460 1427 1549 superius
1490 1461 1851 1541 recitatam,
1926 1461 2235 1526 videlicet
2279 1461 2398 1524 ubi
2459 1461 2659 1540 dicit-‚3
2726 1460 3002 1545 “Igitur

885 1571 1234 1652 postquam
1297 1564 1469 1629 dono
1517 1563 1644 1627 Dei
1713 1569 1782 1627 et
1847 1569 2118 1650 paterna
2161 1563 2559 1628 successione
2605 1563 2677 1626 in
2720 1585 2997 1649 reguum

887 1668 1258 1753 Anglorum
1321 1666 1810 1731 inthronizatus
1879 1670 1948 1730 et
2011 1668 2435 1731 confirmatus
2502 1666 2621 1744 fui,
2677 1666 2792 1730 ubi
2853 1666 3001 1729 vidi

886 1770 1186 1835 ccclesias
1256 1768 1383 1834 Dei
1451 1774 1591 1833 tam
1656 1768 1936 1854 peccatis
2005 1768 2421 1855 exigentibus
2483 1790 2683 1852 quam
2758 1768 3002 1832 crebris

887 1873 1316 1938 barbarorum
1383 1871 1863 1957 irruptionibus
1927 1870 2198 1946 dirutas,
2249 1876 2318 1935 et
2362 1869 2652 1935 maxime
2697 1875 2996 1936 sanctam

846 1987 855 1994 '
888 1980 957 2041 et
1005 1974 1431 2061 apostolicam
1477 1973 1707 2050 vitam,
1755 1973 1827 2037 id
1874 1978 1975 2038 est
2019 1972 2471 2038 monachicum
2516 1973 2831 2047 ordinem,
2879 1995 3001 2059 per

558 3737 777 3789 Charter
800 3734 863 3784 of

889 2099 1114 2142 omnes
1181 2078 1368 2162 regni
1435 2075 1566 2140 mei
1630 2075 1998 2161 provincias
2043 2075 2346 2141 fundibus
2416 2075 2785 2161 deperisse:
2848 2098 3001 2161 gra-

885 2182 1058 2244 viter
1104 2178 1331 2244 dolens
1398 2184 1467 2243 et
1536 2178 1877 2243 consilium
1946 2201 1987 2241 a
2056 2178 2300 2244 Sancto
2354 2177 2606 2264 Spiritu
2657 2178 2997 2265 accipiens,

888 2283 1237 2346 Dunstano
1308 2281 1790 2367 archiepiscopo
1865 2286 1934 2345 et
2011 2280 2454 2345 AEthelwoldo
2534 2281 2999 2366 Wyntoniensi

889 2385 1186 2472 episcopo
1252 2383 1374 2448 hoc
1435 2383 1775 2468 negotium
1842 2382 2075 2459 indixi,
2153 2387 2232 2447 ut
2292 2383 2510 2449 omnia
2577 2385 3017 2462 monasteria,

891 2509 1039 2573 quae
1084 2488 1261 2552 inter
1304 2487 1659 2550 terminum
1705 2485 1915 2550 totius
1967 2484 2230 2572 Angliae
2273 2486 2403 2550 sita
2447 2491 2605 2551 sunt
2651 2508 2847 2574 supra
2889 2486 3003 2552 vel

891 2591 1084 2667 infra,
1131 2589 1481 2655 circuirent
1548 2611 1623 2653 ac
1675 2588 2176 2667 reaedificarent,
2225 2588 2674 2675 possessiones»,
2721 2612 2869 2676 quac
2911 2591 3000 2654 ad

892 2695 1121 2759 fiscum
1167 2692 1448 2757 redactae
1512 2696 1705 2756 erant
1753 2692 1835 2755 de
1880 2691 2036 2778 ipsis
2089 2692 2519 2767 monasteriis
2570 2692 2675 2757 vel
2721 2693 2806 2756 ab
2851 2693 3002 2757 aliis

894 2795 1315 2862 saecularibus
1361 2793 1808 2881 potestatibus
1854 2803 2166 2880 pervasae,
2213 2794 2589 2880 ubicunque
2641 2796 2838 2860 cartis
2890 2796 3001 2860 vel

902 2899 1299 2966 testimoniis
1372 2903 1921 2984 recognoscerent,
1999 2913 2146 2962 mea
2212 2899 2608 2963 auctoritate
2684 2898 2839 2964 freti
2911 2898 3001 2962 ad

893 3003 1224 3090 integrum
1268 2999 1759 3067 restitue1·ent.'’

974 3405 1477 3467 CoN'rmUATIO.
1602 3399 1875 3487 Incipit
1955 3401 2165 3467 Carta
2239 3400 2483 3469 Sancti
2557 3399 2926 3467 Dunstani

1066 3527 1368 3571 concessa
1412 3504 1724 3570 Ecclesice
1770 3504 1945 3571 beati
1992 3506 2186 3571 Peto-5
2244 3504 2830 3574 Westmonastcrii.

990 3718 1027 3747 “
1058 3712 1486 3776 DUNSTANUS
1563 3709 1689 3775 Dei
1765 3710 2208 3776 misericordia
2285 3711 2758 3777 Londoniensis
2833 3711 3001 3796 epis-

559 3806 801 3854 D¹¹¹¹⁸¹⁸¹²
897 3836 1093 3900 copus
1139 3812 1443 3877 omnibus
1504 3812 1836 3898 episcopis,
1887 3812 2257 3894 abbatibus,
2307 3819 2375 3879 et
2420 3815 2672 3880 cunctis
2717 3813 3003 3879 ecclesiae

556 3871 611 3920 in
629 3870 807 3920 favour
819 3868 881 3919 of

556 3937 832 3987 westmin-
897 3917 1070 3996 filiis,
1134 3916 1569 4002 praesentibus
1621 3919 1688 3979 et
1733 3913 1977 3980 futuris
2021 3916 2092 3979 in
2136 3920 2541 4003 perpetuum.
2654 3916 3001 3996 Quoniam,

555 4011 658 4055 ster
670 4004 871 4068 Abbey.

901 4020 1137 4085 fratres
1212 4017 1549 4097 carissimi,
1635 4016 1944 4083 inimicus
2034 4018 2308 4082 humani
2400 4019 2658 4105 generis
2750 4040 3007 4104 semper

898 4124 1154 4189 laborat
1242 4120 1753 4208 superseminare
1845 4120 2100 4185 zizania
2210 4120 2285 4185 in
2374 4143 2530 4207 agro
2640 4121 3006 4186 Dominicae

898 4225 1187 4302 sationiS,
1267 4230 1336 4289 et
1409 4245 1570 4308 quos
1646 4244 1781 4287 non
1856 4227 2075 4310 potest
2158 4223 2432 4289 incitare
2525 4224 2610 4289 ad
2700 4223 3008 4310 graviora

899 4329 1155 4405 delicta,
1203 4327 1583 4413 plerumque
1631 4326 1711 4390 de
1755 4325 2049 4391 minimis
2093 4326 2536 4392 occasionibus
2581 4327 2873 4392 accendit
2917 4326 3006 4390 ad

895 4433 1049 4497 lites
1116 4435 1184 4495 et
1250 4429 1603 4495 discordias
1639 4452 1655 4509 3
1724 4430 2092 4494 cavendum
2139 4434 2238 4495 est
2284 4430 2378 4494 eis
2422 4429 2711 4494 maxime
2763 4430 2879 4515 qui
2931 4429 3008 4493 in

900 4532 1348 4602 ecclesiasticis
1402 4531 1743 4598 ordinibus
1793 4529 2080 4597 eminere
2125 4532 2454 4610 videntur,
2502 4537 2582 4597 ut
2624 4532 2883 4619 publice
2927 4555 3008 4599 ac

899 4635 1231 4726 privatim,
1308 4640 1562 4721 quanta.
1632 4634 1886 4701 virtute
1976 4640 2267 4723 possunt,
2359 4640 2708 4722 amputent
2782 4657 3010 4701 omnes
