3567 5800
433 831 480 882 nn
502 828 618 881 omns
640 830 765 883 amun
784 830 983 883 eron-ns
1008 818 1058 883 13.
1230 812 1272 889 71

270 1016 440 1086 Haroldus
473 1018 617 1107 quidam,
647 1040 708 1085 rex
740 1016 945 1098 Norioorum,
976 1018 1069 1087 misit
1094 1019 1124 1087 ei
1153 1041 1273 1087 navem
1285 1020 1390 1099 namu

222 1124 335 1186 rostra
367 1142 467 1188 aurea
497 1125 532 1189 et
566 1122 679 1190 velum
710 1144 913 1209 purpureum
950 1122 1135 1205 habentem,
1174 1123 1274 1189 densa
1284 1088 1402 1222 {iffi

219 1224 395 1290 testudine
433 1225 614 1312 clipeorum
650 1224 877 1291 inauretomm
906 1224 1103 1293 intrinsecus
1139 1225 1275 1293 mcum·

226 1326 384 1413 giratam.
435 1326 612 1393 Missorum
640 1327 777 1393 nomina
805 1326 898 1393 fuere
923 1328 1075 1417 Helgnm
1098 1332 1132 1395 st
1157 1326 1276 1408 Offrid,

221 1430 284 1514 qui
306 1428 462 1516 regaliter
481 1430 519 1495 in
540 1429 622 1496 urbe
651 1430 799 1495 Eboraoa
830 1431 974 1518 suseepti
1006 1432 1158 1499 sudorem
1187 1452 1277 1519 pere-

220 1532 420 1619 grinationis
442 1532 585 1619 praemiis
607 1531 798 1597 deeentibus
820 1537 991 1599 extersere.

277 1632 442 1701 Henrious
470 1634 605 1722 primus,
629 1634 719 1701 filius
749 1634 902 1715 Oonradi,
928 1636 1039 1721 (multi
1062 1636 1151 1703 enim
1176 1636 1274 1703 huius
1287 1630 1437 1749 mnemos-

223 1737 369 1803 nominis
392 1737 550 1823 luerunt),
572 1758 633 1803 rex
660 1736 916 1804 Teutonioorum
950 1742 985 1805 et
1006 1739 1184 1827 imperator
1209 1714 1327 1803 Ram
1364 1714 1435 1766 ⁰¹²¹!-

220 1861 403 1917 manorum,
438 1861 581 1907 sororem
609 1839 680 1905 eius
707 1839 777 1905 filio
808 1839 934 1907 Othoni
966 1840 1197 1927 expostulavit,
1225 1846 1277 1907 tot

222 1943 262 2007 in
294 1942 434 2008 oirouitu
469 1943 603 2030 regibus
640 1942 873 2030 praetermissis,
914 1942 1080 2031 progeniei
1116 1944 1278 2031 generosi-

221 2050 328 2111 tatem
350 2051 386 2111 et
406 2046 510 2111 animi
532 2045 794 2133 magnitudinem
816 2043 853 2110 iu
875 2045 1084 2113 AEthelstano
1106 2068 1125 2113 e
1150 2046 1277 2133 longin-

222 2170 290 2233 quo
311 2148 522 2235 oonspioetus
567 2146 661 2213 Adeo
680 2147 769 2213 enim
788 2147 859 2213 hree
878 2148 945 2213 duo
964 2146 1001 2213 in
1020 2168 1058 2213 eo
1073 2148 1276 2215 consentiens

223 2250 450 2318 habitaoulum
487 2250 671 2329 effecerant,
709 2254 750 2314 ut
786 2248 898 2316 nullus
940 2256 1024 2318 esset
1064 2251 1118 2317 vel
1159 2272 1276 2338 genere

223 2355 343 2421 clarior
363 2358 399 2421 et
427 2354 595 2432 illustrior,
627 2352 682 2418 vel
712 2353 823 2417 animo
853 2352 1008 2419 audacior
1041 2358 1075 2419 et
1112 2352 1275 2420 effioaeior.

224 2456 334 2538 Quare
355 2478 514 2545 perpenso
535 2454 679 2536 oonsilio,
696 2456 785 2541 quod
806 2460 964 2541 quattuor
985 2476 1109 2521 sorores
1131 2456 1275 2535 haberet,

222 2561 260 2625 in
280 2560 401 2646 quibus
415 2564 537 2647 praeter
556 2557 665 2625 asara
685 2557 860 2625 discrimen
878 2558 963 2623 nihil
978 2558 1019 2624 de
1039 2558 1153 2625 formae
1167 2558 1277 2645 gratia

223 2663 405 2742 dissideret,
443 2662 525 2727 duas
563 2660 687 2728 Caesari
723 2660 907 2749 postulanti
943 2660 1058 2743 misit;
1102 2682 1183 2749 quas
1219 2662 1275 2729 ille

222 2772 365 2854 nuptum
404 2764 528 2831 locarit
556 2768 786 2851 competenter.
829 2762 985 2841 Tertiam,
1018 2764 1105 2831 siout
1138 2764 1274 2852 praedio·

222 2874 297 2936 tum
334 2874 392 2946 est,
431 2868 548 2955 oopula
584 2866 721 2934 sortitus
756 2870 809 2932 est
843 2886 1026 2954 comparem
1071 2860 1444 2982 Ludowiern,{fffiblgne

221 2972 507 3059 Aequitannorum
528 2970 678 3058 prinoeps
700 2971 741 3037 de
762 2991 880 3057 genere
896 2969 1012 3037 Karoli
1032 2969 1147 3059 Magni
1165 2993 1276 3059 super·

221 3081 298 3142 stes
346 3075 515 3157 Quartam,
547 3074 582 3138 in
608 3095 675 3160 qua
704 3094 799 3139 omne
828 3073 1001 3160 eoagulum
1038 3074 1276 3160 pulcritudinis,

223 3180 312 3266 quod
343 3184 459 3245 osterse
480 3199 540 3265 pro
561 3181 657 3262 parte
682 3175 815 3256 hebent,
838 3177 1037 3242 natureliter
1062 3176 1274 3257 confluxerat,

223 3282 326 3369 Hugo
340 3303 400 3346 rex
415 3280 625 3355 Francorum,
642 3278 728 3344 siout
747 3278 878 3365 praefati
891 3299 1012 3357 sumus,
1027 3299 1086 3366 per
1106 3281 1241 3345 nuntios
1255 3302 1276 3345 a
1287 3293 1313 3342 Η
1348 3292 1444 3360 h,king

221 3407 380 3472 germano
402 3383 551 3470 expetiit
596 3381 752 3467 Prinoeps
772 3381 871 3446 huius
890 3380 1065 3468 legationis
1086 3381 1152 3448 suit
1171 3309 1395 3480 Mul-‘iffi'

221 3489 284 3566 fus,
306 3486 396 3553 filius
425 3483 556 3552 comitis
585 3483 752 3550 Flandrise
781 3484 966 3550 Baldewini
992 3506 1034 3550 ex
1055 3483 1126 3550 filia
1147 3485 1275 3552 Alfredi

222 3592 294 3658 sive
330 3588 469 3654 Aluredi
502 3588 590 3674 regis
622 3585 756 3653 nomine
789 3585 1019 3654 Ethelswitha.
1065 3587 1100 3652 Is
1132 3609 1207 3654 oum
1237 3587 1274 3655 in

222 3698 388 3760 conventu
425 3711 597 3778 prooerum
633 3690 722 3776 apud
758 3688 1003 3756 Abbsndunam
1039 3689 1130 3776 prosi
1162 3697 1273 3778 postu-

221 3796 291 3862 lata
323 3795 536 3882 exposuisset,
566 3792 706 3879 protulit
735 3813 872 3858 munera
900 3813 978 3858 sane
1007 3793 1208 3880 amplissima
1237 3794 1419 3876 etTufflrefl

222 3921 297 3988 quse
333 3897 509 3963 cuiuslibet
555 3893 740 3960 avarissimi
784 3894 1000 3981 cupiditatem
1044 3896 1271 3964 inmmotenter
1282 3863 1417 3980 ffirsshoe

223 4002 415 4090 explerent;
452 4001 568 4065 odores
601 4001 794 4076 aromatum,
827 3997 939 4084 qualia
971 4020 1141 4085 nunquam
1171 4005 1270 4067 antea
1281 3995 1425 4114 ff‘fflss‘ff

221 4107 259 4172 in
287 4103 412 4190 Anglie
436 4103 510 4168 visa
543 4102 693 4178 firmant3
728 4100 866 4167 honores
895 4121 1106 4188 gemmarum,
1137 4125 1270 4190 praeser-
1298 4079 1316 4128 l
1354 4079 1388 4130 ¹²⁸

222 4209 285 4274 tim
315 4203 585 4292 smaragdorum,
608 4205 644 4269 in
681 4223 823 4289 quorum
859 4203 1030 4270 viriditate
1067 4227 1272 4294 repercussus

222 4310 332 4377 oeulos
362 4308 545 4374 astantium
574 4307 719 4394 gratiosa
748 4307 820 4372 luoe
849 4305 1038 4389 animaret3
1076 4329 1175 4396 equos
1201 4331 1273 4376 our-

221 4435 308 4480 sores
338 4411 498 4499 plurimos
529 4431 604 4475 eum
638 4409 756 4488 faleris,
788 4407 980 4488 “firlvum,”
1008 4415 1049 4475 ut
1081 4411 1131 4478 ait
1167 4412 1270 4492 Maru,
1283 4435 1358 4504 virg.
1370 4439 1437 4490 Aen.

222 4523 239 4553 “
253 4516 450 4580 mandentes
479 4512 541 4578 sub
569 4511 726 4580 dentibus
755 4512 921 4592 aurum;'’
951 4534 1011 4579 vas
1041 4515 1205 4600 quoddam
1229 4503 1395 4582 exim·

222 4618 384 4697 oniehino,
408 4617 460 4683 ita
488 4615 604 4682 subtili
634 4615 795 4682 oaelatoris
824 4617 896 4681 arte
925 4615 1097 4704 sculptum,
1128 4623 1168 4686 ut
1193 4639 1271 4688 vere

223 4723 383 4788 fluctuare
413 4723 547 4807 segetes,
577 4739 655 4786 vere
688 4719 873 4806 germinare
906 4718 1002 4798 vites,
1036 4742 1113 4787 vere
1147 4723 1271 4790 moveri

223 4824 395 4892 hominum
425 4823 585 4912 imagines
613 4821 912 4903 viderentur-ita
948 4822 1093 4892 lucidum
1124 4828 1159 4892 et
1187 4825 1271 4916 poli·
