3567 5800
531 826 597 893 192
791 844 858 895 nm.
881 846 929 895 nr
950 847 1088 898 munuc.
1111 848 1202 899 sere.
1225 848 1313 900 insr.

527 1028 672 1095 duellum
694 1052 753 1119 pro
775 1032 911 1099 domins
931 1056 992 1099 sun
1007 1035 1154 1101 Gunilde
1180 1057 1280 1122 quem
1302 1057 1361 1123 per
1375 1034 1558 1100 mendesium

527 1138 665 1199 noverat
695 1141 881 1201 accusatam
904 1139 1074 1225 suscepit:
1114 1143 1149 1205 et
1171 1144 1322 1205 conserto
1359 1138 1469 1225 proelio
1493 1158 1558 1203 eum

526 1234 669 1321 gigante,
692 1260 752 1325 per
785 1240 981 1307 miraculum
1012 1240 1079 1307 Dei
1110 1243 1234 1309 sueciso
1266 1242 1423 1308 delatoris
1451 1240 1559 1328 poplite

526 1339 633 1424 ipsum
670 1344 850 1408 enervavit
913 1344 987 1425 Quo
1024 1350 1146 1411 ruente
1179 1346 1217 1410 in
1249 1350 1381 1424 terrem,
1403 1344 1559 1431 praedietus

526 1440 761 1511 Mimekennus
783 1451 884 1533 ceput
906 1447 978 1512 eius
999 1448 1153 1535 praecidit
1175 1452 1210 1513 et
1231 1448 1316 1513 illud
1340 1446 1479 1513 dominae
1501 1466 1558 1510 suae

527 1542 681 1612 Gunildae
714 1546 950 1635 praesentavit.¹
1002 1550 1094 1615 Time
1126 1550 1323 1637 imperatrix
1344 1572 1389 1615 ex
1410 1549 1557 1636 insperate

524 1647 672 1733 gaudens
709 1649 824 1715 effecta
861 1651 904 1716 de
947 1651 1127 1739 triumpho,
1165 1652 1358 1740 imperatori
1402 1650 1556 1738 repudium

525 1748 604 1815 feeit
615 1776 624 1831 ;
658 1772 719 1817 nee
740 1753 830 1819 ultre
852 1753 952 1819 minis
982 1758 1042 1819 aut
1074 1753 1251 1819 blanditiis
1271 1754 1362 1820 vinei
1395 1753 1507 1841 potuit,
1525 1757 1558 1816 ut

393 1859 407 1894 θ
435 1860 459 1895 ⁰·
525 1856 635 1917 torum
668 1854 877 1941 imperatoris
910 1855 1083 1921 escendere
1116 1856 1339 1939 eonsentiret3
1369 1856 1429 1921 sed
1463 1855 1557 1921 velim

353 1924 464 2030 iiim
526 1956 784 2022 sanctimonialis
806 1956 986 2043 suscipiens
1008 1957 1045 2021 in
1079 1956 1144 2023 nei
1177 1958 1315 2025 servitio
1347 1959 1474 2047 placido
1493 1979 1559 2023 eon·

526 2058 635 2123 senuit
657 2058 734 2124 otio.

569 2382 821 2451 Oonrinnrrro.
882 2384 934 2451 De
956 2384 1158 2453 liberalitate
1179 2385 1269 2471 iupis
1291 2384 1511 2453 Hardernuti

353 2604 500 2659 Hudeenn
569 2584 647 2651 Rnx
675 2607 754 2653 vero
789 2586 1032 2670 Herdecnntus,
1055 2610 1129 2654 eum
1151 2593 1282 2654 mortuo
1312 2586 1459 2653 Huroldo
1491 2606 1555 2671 rege

351 2668 462 2791 fflssffid
523 2687 624 2753 fratre
645 2709 704 2754 suo
726 2710 784 2775 per
806 2688 1048 2756 Normanniem
1071 2690 1113 2756 de
1146 2690 1251 2755 Duein
1271 2691 1402 2756 veniret
1434 2691 1471 2755 in
1497 2689 1556 2754 An-

351 2814 477 2939 ides
521 2790 1087 2982 {didimi-{iffi
1096 2794 1314 2962 iffi
1335 2792 1404 2962 {11}
1404 2790 1555 2981 titt

521 2996 628 3062 obviis
661 2997 813 3063 menibus
843 2997 1020 3085 excipiens
1044 2998 1332 3084 indulgentissime
1363 2998 1506 3074 retinuit,
1526 3000 1554 3058 et

520 3120 629 3166 seeum
666 3101 703 3165 in
741 3099 901 3187 Angliem
939 3100 1048 3166 duxit.
1111 3100 1246 3166 Uterini
1284 3100 1407 3187 quippe
1451 3100 1555 3164 fratrs

518 3201 652 3268 fuerunt
674 3203 715 3268 de
747 3208 854 3269 matre
889 3202 1008 3268 Emme
1028 3203 1100 3267 filie
1133 3203 1267 3269 Ricardi
1299 3201 1445 3267 senioris
1475 3199 1553 3266 ducis

415 3367 422 3380 ,
517 3303 794 3383 Normunnorum,
818 3305 905 3371 sicut
926 3327 1026 3392 supra
1041 3305 1218 3371 docuimus.
1265 3305 1338 3370 Rex
1353 3305 1442 3370 enim
1458 3300 1554 3368 Ethel-

350 3366 494 3488 {ffldefflf
516 3407 614 3472 redus
636 3429 678 3472 ex
700 3407 813 3472 eedem
829 3407 949 3472 Emme
970 3405 1087 3494 genuit
1102 3405 1276 3472 Alfredum
1297 3406 1368 3472 sive
1383 3405 1554 3472 Aluredum

516 3509 631 3596 (euius,
664 3514 704 3575 ut
734 3531 834 3597 supra
865 3510 991 3575 dietum
1022 3513 1082 3587 est,
1107 3508 1288 3574 Godwinus
1322 3531 1429 3576 eomes
1460 3507 1554 3574 oculos

516 3611 612 3690 eruit,
634 3611 816 3678 interfectis
838 3612 957 3698 sociis),
981 3616 1016 3677 et
1050 3611 1260 3692 Edwardum,
1283 3616 1319 3677 et
1340 3611 1445 3676 filium
1466 3629 1578 3676 unum·

516 3713 648 3779 nomine
672 3713 865 3801 Godgivem.
913 3713 993 3780 Post
1015 3719 1157 3778 mortem
1179 3735 1258 3779 vero
1281 3712 1454 3779 Ethelredi
1481 3710 1554 3797 regis

516 3813 636 3896 (muto,
674 3816 766 3881 euius
802 3837 903 3902 supra
947 3815 1166 3895 meminimus,
1203 3837 1342 3903 regnum
1380 3815 1554 3902 Anglomm

515 3922 641 3996 neotus,
676 3917 870 4004 praedietam
902 3916 1055 3982 Emmam
1086 3919 1236 4005 regInem
1261 3918 1449 4004 Anglorum
1481 3912 1553 3980 dicti

513 4020 601 4107 regis
632 4019 803 4085 Ethelredi
833 4019 984 4085 relictum
1017 4021 1142 4106 aceepit
1163 4019 1201 4084 in
1231 4041 1378 4099 uxorem,
1401 4024 1450 4097 ut,
1483 4017 1552 4084 dum

513 4127 677 4188 consuetae
712 4121 854 4188 dominae
886 4121 990 4208 Angli
1023 4120 1186 4188 deferrent
1218 4121 1418 4209 obsequium,
1453 4120 1553 4187 minus

514 4223 685 4290 Denorum
723 4224 926 4313 suspirarent
955 4224 1138 4311 imperium
1194 4223 1249 4289 Ex
1280 4223 1394 4290 eedem
1429 4223 1552 4310 quidem

514 4326 636 4392 Emma
674 4325 787 4394 Cnutn
824 4349 884 4393 rex
921 4327 1038 4413 genuit
1084 4325 1347 4407 Hurdeenutum,
1385 4327 1443 4414 qui
1486 4329 1553 4412 post

514 4428 701 4496 Hnroldum
725 4429 859 4497 fratrem
882 4449 979 4493 suum
1000 4428 1162 4515 regnavit.
1210 4427 1295 4494 Cum
1317 4450 1382 4515 quo
1405 4428 1553 4516 prefatus

630 4757 637 4788 ¹
644 4753 819 4822 presentavit]
833 4760 858 4806 et
868 4751 1029 4817 presentavit,
1040 4751 1098 4804 ΜΒ.
1131 4751 1184 4803 But
1193 4766 1236 4804 see
1245 4751 1337 4804 Melet.
1347 4750 1451 4804 ΠΜ.
