3567 5800
512 881 577 942 324
773 893 838 942 nic.
863 893 911 942 nn
933 894 1067 944 mnaso.
1089 891 1179 942 sruc.
1203 892 1292 942 nisu.

511 1080 689 1146 videbatur
718 1086 950 1168 opportunum,
976 1082 1108 1148 indixit.
1156 1081 1297 1148 interim
1318 1103 1399 1146 vero
1428 1085 1563 1168 accepto

511 1183 614 1249 abbas
645 1207 665 1248 a
701 1184 969 1271 prudentioribus
999 1186 1080 1249 viris
1112 1186 1257 1264 consilio,
1289 1185 1382 1250 beati
1419 1185 1562 1270 corporis

443 1303 445 1308 ·
511 1286 640 1372 glebam
662 1288 769 1373 primo
792 1287 947 1353 secretius
968 1287 1127 1374 inspicere
1152 1288 1306 1366 decrevit,
1329 1291 1371 1352 ut
1392 1287 1439 1353 sic
1460 1309 1559 1373 expe-

511 1390 613 1455 ditius
635 1389 678 1455 ad
700 1391 889 1456 sollemnem
911 1391 1051 1456 transire
1074 1396 1183 1479 posset
1203 1391 1449 1457 revelationem.
1494 1389 1561 1454 Sed

510 1492 672 1578 quiahoc
694 1513 775 1581 opus
805 1497 955 1558 sanctum
982 1498 1017 1558 et
1043 1493 1181 1580 dignum
1209 1516 1277 1559 esse
1306 1493 1440 1570 sciebat,
1464 1514 1560 1558 suam

510 1593 691 1660 formidans
724 1594 960 1682 indignitatem
991 1595 1092 1660 semel
1128 1600 1164 1661 et
1199 1595 1321 1661 iterum
1359 1595 1496 1662 aoeessit
1527 1598 1563 1660 et

511 1698 695 1784 temptavit.
742 1696 808 1763 Sed
837 1698 961 1764 totiens
990 1697 1120 1762 conscia
1141 1697 1206 1762 sibi
1237 1720 1329 1762 mens
1355 1697 1563 1762 infirmitatis

513 1821 582 1864 suae
604 1821 739 1864 manum
770 1799 827 1886 pia
851 1798 996 1885 quadam
1026 1800 1234 1865 haesitatione
1265 1799 1485 1886 trepidantem
1513 1821 1563 1862 re

510 1903 625 1967 traxit.
670 1901 719 1967 At
753 1907 915 1967 crescente
946 1903 1075 1980 timore,
1099 1903 1205 1967 crevit
1238 1907 1273 1967 et
1304 1902 1458 1979 devotio;
1480 1923 1563 1966 cres-

511 2010 604 2069 cente
637 2005 818 2086 devotione,
858 2003 954 2069 affuit
991 2004 1192 2070 confidentia
1225 2027 1299 2070 cum
1335 2027 1454 2080 amore,
1487 2025 1564 2088 quae

511 2128 595 2194 saepe
623 2107 708 2172 foras
738 2107 848 2172 mittit
880 2107 1042 2172 timorem.
1104 2107 1159 2172 Ex
1193 2108 1264 2194 ipso
1297 2109 1410 2194 itaque
1442 2107 1562 2172 timore

511 2209 726 2274 confidentior
746 2210 881 2276 effectus
905 2216 939 2275 et
960 2210 1071 2274 minus
1093 2209 1240 2289 timidus,
1255 2215 1386 2294 tempus
1408 2209 1561 2274 observa»

511 2311 563 2375 vit
585 2333 649 2396 quo
681 2316 751 2376 tam
783 2317 944 2377 secretum
974 2311 1147 2396 negotium
1179 2317 1361 2398 opportune
1391 2317 1559 2377 tractaret

512 2412 663 2492 Quadam
699 2414 811 2500 itaque
845 2419 943 2480 nocte
973 2413 1132 2479 fratribus
1162 2419 1236 2500 post
1267 2414 1448 2479 matutinas
1476 2415 1563 2500 vigi-

511 2514 592 2580 liasl
616 2516 661 2580 ad
683 2521 788 2582 strata
809 2517 958 2595 reversis,
983 2517 1091 2581 ianuis
1114 2517 1256 2582 ecclesiae
1278 2517 1396 2582 clausis
1418 2518 1562 2582 servien-

510 2619 664 2704 tibusque
706 2619 797 2684 laicis
836 2619 985 2695 exclusis,
1025 2620 1186 2684 remansit
1226 2621 1262 2684 in
1299 2619 1432 2685 ecclesia
1473 2619 1562 2685 solus

511 2721 612 2784 abbas
645 2743 719 2787 oum
743 2723 850 2807 priore
880 2728 915 2788 et
945 2722 1144 2808 quibusdam
1176 2722 1216 2787 de
1238 2721 1396 2787 fratribus
1425 2723 1470 2787 ad
1501 2723 1562 2786 hoc

513 2823 632 2903 electio,
654 2823 712 2911 qui
738 2846 772 2888 se
795 2845 836 2888 ex
859 2824 1018 2890 mandato
1040 2825 1171 2889 abbatis
1195 2825 1326 2890 ieiuniis
1347 2830 1383 2890 et
1404 2824 1562 2889 orationi-

511 2926 573 2990 bus
595 2928 637 2993 ad
659 2934 729 2991 tem
752 2932 903 2991 sanctum
926 2948 1008 3013 opus
1030 2928 1239 2992 tractandum
1262 2928 1413 2993 devotius
1435 2950 1563 3013 praepa·

511 3028 687 3095 naverunt.²
755 3028 883 3109 Quibus
921 3029 1073 3094 omnibus
1110 3030 1194 3095 albis
1230 3024 1355 3095 indutis
1393 3035 1427 3095 et
1465 3030 1563 3094 nudis

511 3132 649 3217 pedibus
676 3131 909 3218 praemissaque
939 3132 1087 3197 oratione
1119 3138 1153 3197 et
1184 3154 1258 3197 cum
1289 3132 1422 3219 psalmis
1446 3132 1562 3197 decan-

511 3238 584 3298 tata
614 3234 746 3311 letania,
769 3239 848 3299 ante
880 3232 985 3299 altare
1015 3235 1170 3320 processit
1201 3234 1244 3298 ad
1266 3234 1433 3300 tumulum
1459 3234 1562 3299 abbas

511 3358 584 3400 cum
615 3336 723 3422 priore
752 3341 786 3400 et
816 3335 947 3401 duobus
968 3336 1136 3412 fratribus,
1159 3336 1275 3401 ceteris
1300 3341 1378 3401 ante
1400 3336 1505 3401 altare
1527 3339 1564 3400 in

510 3438 654 3503 lacrimis
685 3443 720 3503 et
751 3438 899 3503 oratione
930 3438 1190 3525 persistentibus.
1236 3436 1385 3525 Gumque
1415 3437 1561 3526 lapidem

511 3540 569 3624 qui
591 3538 652 3604 sub
675 3540 874 3627 sarcophago
897 3541 1119 3627 superpositus
1142 3540 1250 3607 fuerat
1271 3540 1488 3619 sustulissent,
1504 3541 1564 3605 ad-

510 3641 609 3705 motis
639 3642 773 3727 propius
805 3642 947 3708 lucernis
979 3648 1218 3728 conspexenmt
1251 3643 1362 3707 virum
1394 3643 1559 3709 iacentem

509 3744 546 3806 in
568 3743 692 3808 vestitu
715 3744 873 3809 deaurato
904 3744 1083 3810 calceatum
1109 3746 1222 3831 caligis
1247 3745 1419 3832 purpureis
1441 3752 1476 3811 et
1498 3747 1564 3811 cul-

509 3846 685 3911 cecmentis
715 3846 877 3932 pretiosis,
902 3853 1003 3934 caput
1029 3851 1063 3911 et
1092 3846 1208 3912 faciem
1235 3853 1423 3934 coopertum
1458 3849 1560 3914 mitra

509 3948 653 4014 rotunda
674 3971 754 4013 auro
780 3949 859 4013 satis
890 3970 1022 4035 operose
1051 3947 1191 4029 intexta,
1214 3936 1352 4015 barbam
1379 3951 1480 4016 etiam
1510 3952 1562 4015 ni-

508 4074 604 4117 veam
639 4052 868 4138 modicumque
904 4052 1102 4138 crispantem
1135 4074 1232 4138 super
1260 4058 1374 4139 pectus
1409 4052 1565 4119 decenter
1621 4072 1634 4097 ·
1756 4031 1758 4048 Ι

508 4156 622 4221 ordine
644 4177 703 4221 suo
733 4155 904 4220 iacentem.
965 4153 1154 4240 Accitisque
1180 4155 1293 4241 itaque
1322 4155 1481 4221 fratribus
1504 4158 1562 4243 qui

508 4258 543 4323 in
566 4258 713 4326 oratione
736 4262 815 4321 ante
837 4256 941 4321 altare
967 4263 1191 4322 remanserant
1216 4257 1316 4322 etad
1342 4264 1413 4323 tam
1435 4259 1563 4323 deside-

507 4359 611 4425 rabile
643 4360 862 4447 spectaculum
895 4360 1054 4434 admissis,
1088 4359 1176 4425 facta
1206 4365 1257 4425 est
1287 4359 1408 4426 laetitia
1438 4383 1563 4449 magna

986 4562 1025 4568 ..-
1039 4562 1116 4568 ..-
1345 4561 1554 4571 *m

574 4700 580 4729 ¹
600 4699 712 4766 cipibus]
732 4698 837 4765 sigiliis,
849 4698 906 4748 MS.
1090 4699 1101 4727 ²
1113 4698 1331 4765 praeparaverunt]
1363 4709 1567 4763 prepararent„

1059 4778 1115 4828 MS.
