3567 5800
494 888 558 949 158
759 902 824 951 arc.
847 902 893 951 nn
916 902 1046 951 mame.
1071 900 1160 951 seso.
1185 901 1273 952 mer.

491 1098 615 1158 terram
645 1094 804 1159 circuiens
833 1094 981 1178 regiones
1010 1092 1169 1180 plurimus
1199 1114 1280 1179 quas
1312 1093 1421 1159 Onuto
1452 1115 1546 1161 occu-

492 1202 629 1282 paverat
651 1196 687 1260 in
706 1197 909 1261 deditionem
930 1196 1022 1260 nullo
1044 1197 1223 1261 obsistente
1238 1198 1367 1283 recepit
1415 1198 1545 1261 Deinde

492 1300 759 1367 westsaxoniam
792 1300 980 1387 intrepidus
1017 1298 1112 1379 adiit,
1146 1305 1180 1365 et
1214 1298 1257 1364 ab
1294 1300 1384 1365 omni
1422 1301 1544 1387 populo

492 1409 664 1489 gratanter
693 1406 863 1490 susceptus
888 1403 1093 1489 provinciam
1118 1402 1210 1467 illam
1232 1424 1301 1468 suae
1323 1402 1444 1467 dicium
1467 1404 1545 1468 sub

492 1507 569 1591 egit
616 1505 745 1586 Quibus
769 1506 902 1584 auditis,
927 1526 1049 1591 magna
1080 1526 1155 1592 pnrs
1178 1505 1292 1592 populi
1316 1506 1420 1571 totius
1448 1508 1544 1593 regni

320 1614 476 1665 [ΜΒ-1016.
492 1610 541 1674 illi
567 1632 602 1674 se
628 1610 816 1675 voluntarie
837 1608 1076 1689 subdiderunt;
1109 1613 1143 1673 et
1165 1631 1252 1674 anno
1275 1610 1459 1675 Dominicis
1489 1611 1540 1673 in-

319 1682 439 1799 ξῐῖῗξξὲ
491 1714 689 1779 carnationis
711 1713 883 1778 millesimo
914 1712 1135 1777 sextodecimo
1163 1713 1252 1799 apud
1282 1712 1540 1779 Westmonuste·

317 1816 438 1893 ¹¹t,W1²⁸t·
489 1818 575 1891 rium
597 1818 706 1904 ipsum
728 1818 764 1881 in
783 1838 893 1903 regem
913 1838 1009 1881 suum
1029 1816 1161 1903 Angliae
1185 1817 1365 1881 consecrari
1382 1816 1539 1883 fecerunt.

318 1891 438 2014 23(ζὲ
491 1920 602 1985 Caute
630 1942 710 1985 vero
747 1920 882 1984 interim
914 1940 989 1983 cum
1019 1922 1093 1985 tota
1126 1920 1227 1983 classe
1261 1942 1320 1983 sua
1351 1918 1540 1985 Londonies

318 2041 385 2080 vesu
400 2034 464 2081 ran·
488 2024 625 2087 veniens
651 2024 735 2087 cirea
760 2022 968 2108 Rogationes,
993 2022 1029 2085 in
1058 2022 1155 2109 plaga
1181 2023 1321 2087 australi
1346 2022 1539 2088 Tharnensis

318 2100 375 2149 ‘¹⁰¹¹'
488 2126 634 2191 fluminis
663 2126 809 2191 scrobem
838 2124 1037 2211 profundam
1067 2126 1163 2205 fodit,
1195 2130 1230 2191 et
1263 2147 1366 2191 naves
1396 2148 1470 2191 suas
1501 2128 1538 2191 in

488 2236 615 2314 partem
645 2230 758 2315 pontis
784 2228 1019 2293 occidentalem
1041 2228 1077 2293 in
1108 2228 1216 2293 altum
1238 2231 1352 2294 traxit
1407 2228 1537 2293 Deinde

487 2334 601 2397 urbem
629 2332 874 2397 Londoniarum
900 2333 970 2395 alto
994 2335 1027 2397 et
1054 2331 1123 2396 lato
1146 2334 1279 2418 cingens
1305 2333 1426 2398 fossato
1448 2333 1537 2398 obsi-

487 2436 618 2500 dionem
655 2435 806 2523 paravit:
849 2457 1080 2522 egressumque
1118 2439 1152 2499 et
1189 2436 1371 2521 ingressum
1407 2436 1535 2500 civibus

486 2540 659 2625 denegans,
690 2539 855 2624 frequenti
886 2540 1002 2605 urbem
1033 2538 1161 2603 instdtu
1193 2539 1317 2603 invasit
1346 2544 1380 2604 et
1410 2562 1533 2625 expug-

485 2664 563 2707 nare
592 2642 764 2707 laboravit.
822 2640 890 2706 Sed
915 2664 935 2706 a
961 2641 1089 2707 nivibus
1113 2642 1235 2706 moenia
1265 2641 1395 2707 fortiter
1423 2642 1535 2709 defen-

317 2760 452 2811 Retireato
485 2746 640 2810 dentibus
668 2744 826 2831 repulsus,
858 2745 1062 2821 obsidionem
1093 2744 1245 2811 confusus
1275 2744 1408 2811 dimisit.
1466 2746 1533 2826 Qui

317 2828 414 2880 ”m
486 2850 563 2916 iude
592 2848 635 2914 ad
665 2847 840 2914 Dorsetam
866 2849 1046 2914 exercitum
1073 2848 1227 2936 dirigens,
1255 2870 1327 2914 eam
1357 2848 1533 2936 subiugare

485 2954 624 3019 vacavit.
671 2952 745 3017 Rex
767 2974 846 3016 vero
862 2952 1049 3039 Angloruru
1073 2952 1268 3016 Edmundus
1290 2973 1363 3017 cum
1385 2955 1533 3019 exercitu

317 3071 449 3121 laetatos
486 3079 583 3143 quem
613 3055 734 3122 habere
763 3060 895 3142 poterat
926 3055 1072 3120 Onutoni
1103 3075 1280 3134 occurrens,
1308 3056 1344 3119 in
1374 3055 1444 3120 loeo
1473 3057 1532 3142 qui

317 3141 442 3254 {2¹³2ng
486 3161 635 3225 Pennum
665 3159 788 3223 dicitur
824 3160 922 3224 iuxta
952 3157 1154 3242 Gillinglram
1186 3159 1302 3243 quinto
1332 3159 1406 3222 idus
1434 3157 1532 3224 Junii

315 3271 436 3335 lingnam,
485 3286 558 3329 cum
579 3285 617 3327 eo
632 3263 852 3348 congrediens,
869 3261 977 3347 ipsum
1000 3283 1073 3326 cunr
1098 3261 1165 3326 suis
1188 3261 1340 3326 omnibus
1363 3263 1397 3327 in
1418 3261 1532 3348 fugam

315 3338 415 3389 'lm'
485 3366 657 3432 convertit

315 3685 387 3735 wau.
530 3671 781 3737 Conrruuarro.
849 3670 900 3733 Dc
937 3667 1087 3734 scatade
1123 3667 1266 3734 rectoria
1304 3667 1486 3736 Edaaaadi

314 3751 470 3884 fflffpogq
850 3772 1047 3856 duplorum
1068 3770 1165 3856 repis.

314 3887 446 3964 andMatt.

315 3953 374 4002 Μ’
528 3983 617 4048 Posr
638 3980 723 4044 banc
755 3978 928 4043 victoriam
952 3977 1060 4042 media
1082 3981 1198 4042 astate
1220 3980 1395 4055 transacta,
1414 3979 1532 4044 maiori

482 4109 581 4173 quam
603 4084 695 4172 prius
718 4084 839 4147 fecerat
863 4079 1011 4145 exercitu
1033 4083 1241 4165 congregato,
1264 4101 1324 4144 rex
1346 4079 1531 4167 Anglorum

482 4189 676 4255 Edrnundus
713 4186 845 4250 fortiter
881 4183 1003 4247 statuit
1040 4183 1212 4268 confligere
1255 4205 1329 4247 curn
1369 4183 1530 4250 Onutone.

313 4278 447 4394 Effiffn
483 4293 546 4358 Cui
576 4294 613 4356 in
641 4289 811 4377 provincia
839 4285 1073 4372 Wygomiensi
1104 4285 1140 4349 iu
1169 4286 1239 4350 loco
1269 4287 1326 4371 qui
1354 4285 1531 4352 scemata„

480 4397 603 4460 dicitur
634 4413 811 4470 occurrens,
840 4391 1003 4477 optimum
1034 4409 1195 4474 quemque
1225 4389 1266 4452 dc
1296 4389 1443 4454 exercitu
1469 4413 1530 4456 suo

479 4499 659 4585 prudenter
680 4495 841 4560 instruxit
853 4519 861 4573 ;
885 4515 996 4558 ornnes
1018 4492 1179 4569 hortatur,
1202 4497 1241 4556 ut
1263 4493 1472 4557 meminerint
1495 4516 1531 4559 se

479 4623 539 4688 pro
561 4599 672 4686 patria
701 4603 735 4661 et
765 4597 883 4672 liberis,
916 4617 975 4680 pro
1005 4595 1197 4680 coniugibus
1224 4601 1259 4660 et
1288 4595 1529 4661 hereditatibus

479 4706 653 4768 decertare.
713 4700 759 4763 Et
781 4700 828 4762 sic
857 4699 991 4785 optimis
1017 4697 1222 4761 sermonibus
1251 4697 1377 4762 bellicis
1399 4699 1529 4764 animos

478 4805 626 4871 omnium
663 4801 868 4870 accendebat
938 4800 1066 4865 Deinde
1111 4799 1273 4866 tubicines
1310 4806 1455 4887 strepere
1492 4809 1528 4869 et
