3567 5800
478 866 544 927 100
745 876 810 927 mc.
833 876 881 927 DE
904 875 1037 928 CIRENO.
1061 875 1150 928 ΒΡΕΟ.
1174 876 1259 927 mar.

476 1062 673 1129 timentibus
702 1061 893 1129 hominibus
927 1084 986 1149 per
1022 1063 1172 1150 legitima
1208 1066 1374 1129 eertarum
1409 1064 1526 1130 instru-

476 1171 591 1231 menta
612 1165 735 1231 ibidem
762 1165 827 1231 suit
849 1186 1049 1245 eoncessum,
1073 1166 1128 1231 vel
1157 1168 1194 1232 in
1216 1172 1317 1232 antea
1342 1166 1409 1235 erit
1438 1167 1526 1232 addi·

476 1270 551 1331 tum
572 1267 628 1333 vel
649 1268 847 1355 delegatum,
870 1289 932 1334 nee
962 1268 1005 1334 ad
1034 1290 1149 1334 musas
1179 1268 1370 1348 audiendas,
1397 1290 1458 1333 nee
1486 1271 1526 1334 ad

476 1368 683 1436 fideiussores
704 1370 878 1449 tollendos,
902 1392 963 1437 nee
984 1372 1029 1437 ad
1049 1370 1143 1437 freda
1164 1372 1217 1437 vel
1244 1370 1372 1435 bannos
1395 1372 1527 1457 exigen-

476 1470 545 1551 dos,
578 1478 614 1539 et
645 1474 690 1539 ad
721 1472 908 1539 mansiones
941 1475 995 1539 vel
1025 1478 1159 1559 paratas
1192 1472 1365 1549 faciendas,
1398 1496 1458 1539 nee
1486 1474 1527 1539 ad

475 1573 560 1641 ullas
604 1574 841 1642 redhibitiones
886 1575 1106 1661 requirendas,
1153 1574 1239 1640 infru
1282 1574 1528 1641 immunitatem

476 1678 583 1743 aneti
621 1676 714 1744 Petri
750 1678 880 1765 ingredi
918 1679 973 1745 vel
1009 1679 1174 1763 requirere
1211 1699 1343 1764 quoquo
1382 1686 1528 1765 tempore

476 1786 709 1866 praesumatur:
733 1781 791 1847 sed
805 1781 963 1867 quiequid
977 1780 1097 1851 exinde
1119 1782 1216 1849 fiscus
1231 1785 1343 1847 noster
1357 1782 1528 1847 exantlare

475 1888 614 1968 poterat,
649 1884 761 1951 omnia
790 1887 826 1951 et
859 1905 903 1949 ex
934 1883 1087 1949 omnibus
1121 1905 1180 1971 pro
1213 1882 1372 1949 meroedis
1407 1890 1529 1950 nossa

474 1989 653 2072 augmento
675 1986 737 2052 snb
758 1986 890 2072 integra
911 1988 947 2052 et
969 1986 1158 2052 firmissima
1179 1986 1394 2051 immunitate
1416 2008 1528 2052 conee-

474 2087 584 2153 dimus
606 2088 650 2155 ad
672 2089 781 2176 ipsum
803 2110 901 2155 suum
931 2088 1048 2169 locum,
1072 2094 1107 2157 et
1132 2088 1170 2155 in
1191 2093 1389 2175 perpetuum
1412 2089 1526 2154 eonfir·

473 2192 628 2257 ruamus.n

519 2290 567 2357 Et
580 2291 740 2358 infra-“
756 2292 854 2359 Hane
867 2292 980 2379 itaque
1002 2291 1191 2359 libertatem
1213 2292 1360 2379 praefatae
1384 2293 1526 2360 ecelesia

472 2396 577 2461 saneti
600 2395 693 2461 Petri
714 2396 870 2482 principis
904 2394 1128 2482 apostolorum
1160 2394 1312 2476 concessi,
1336 2396 1416 2480 quia
1437 2395 1526 2461 loeus

471 2498 659 2586 praedictus,
682 2499 740 2584 qui
773 2499 935 2584 templum
968 2498 1076 2571 fuerat
1109 2498 1236 2563 dudum
1259 2496 1436 2583 Apollinis,
1462 2499 1524 2564 Dei

470 2601 680 2687 providentie
701 2622 789 2667 nune
810 2600 1006 2667 mirabiliter
1027 2600 1070 2666 ab
1092 2601 1163 2687 ipso
1194 2600 1356 2686 clavigero
1379 2606 1429 2665 est
1452 2623 1526 2667 eon·

471 2709 615 2769 sacratus
637 2726 676 2769 ao
709 2703 887 2778 dedieatua
912 2704 1070 2789 quatinus
1101 2703 1144 2769 ab
1179 2703 1269 2769 omni
1301 2703 1450 2769 saeculari
1481 2705 1525 2768 sit

470 2806 554 2871 liber
575 2807 612 2871 in
633 2810 830 2893 perpetuum
852 2806 1021 2872 servitute.
1078 2804 1125 2872 Et
1147 2826 1190 2871 ne
1213 2806 1287 2891 quis
1309 2808 1524 2892 praesentium

470 2910 524 2975 vel
557 2909 663 2995 magis
694 2908 883 2974 futurorum
917 2908 1074 2996 ambigat,
1111 2931 1185 2995 quse
1219 2909 1264 2974 sit
1297 2909 1355 2974 illa
1389 2909 1548 3002 liberas,

469 3033 569 3097 quam
591 3011 779 3076 amabiliter
800 3016 835 3077 et
855 3011 997 3077 firmiter
1019 3013 1171 3090 concedo,
1194 3012 1391 3077 omnimodis
1406 3018 1525 3078 cuneta

469 3113 558 3180 illius
579 3115 771 3181 monasterii
793 3115 951 3201 possessio
982 3113 1084 3180 nullis
1118 3114 1162 3180 sit
1195 3135 1352 3200 umquem
1385 3123 1526 3201 gravata

469 3218 630 3294 oneribus,
654 3239 714 3283 nee
733 3216 961 3303 expeditionis,
985 3215 1061 3282 neo¹
1085 3217 1195 3303 pontis
1218 3221 1253 3281 et
1277 3217 1361 3282 areis
1383 3217 1526 3284 aedifiea-

468 3321 567 3400 mine,
589 3341 650 3386 nee
680 3319 761 3385 iuris
795 3319 914 3406 regalis
947 3317 1116 3406 fragmine,
1141 3339 1200 3384 nee
1230 3317 1312 3384 furis
1346 3320 1525 3406 apprehen-

467 3424 582 3502 sione3
615 3427 658 3500 et,
693 3427 734 3488 ut
767 3422 879 3487 omnia
911 3420 1008 3486 simul
1043 3420 1325 3508 eomprehendam,
1341 3422 1390 3486 nil
1424 3423 1525 3489 debet

467 3525 595 3590 exsolvi
615 3545 678 3589 neo
697 3525 777 3611 regi,
802 3545 863 3588 nee
884 3523 970 3610 rugis
992 3523 1177 3610 praeposito,
1201 3522 1256 3588 vel
1278 3523 1436 3609 episeopo,
1469 3525 1525 3590 vel

467 3626 554 3706 duel,
591 3626 647 3692 vel
684 3625 746 3691 ulli
778 3626 934 3706 homini;
966 3625 1024 3691 sed
1059 3625 1172 3690 omnia
1203 3625 1316 3691 debita
1347 3625 1524 3692 exsolvant

466 3729 590 3816 iugiter
621 3749 695 3812 quae
728 3728 766 3792 in
799 3727 871 3814 ipsa
909 3727 1133 3794 dominatione
1172 3727 1296 3792 fuerint
1332 3727 1375 3792 ad
1410 3749 1526 3814 supra·

467 3831 594 3898 dietum
624 3833 776 3894 sanetum
808 3828 926 3904 locum,
960 3828 1139 3895 secundum
1173 3829 1262 3916 quod
1293 3827 1524 3896 ordinaverint

466 3935 583 4000 fratres
621 3931 766 3996 eiusdem
803 3931 952 3997 coenobii
1015 3930 1232 3998 Obseeramus
1268 3932 1370 3997 etiam
1409 3954 1524 3998 omnes

466 4056 663 4102 suooessores
693 4038 823 4099 nostros
856 4054 951 4120 reges
973 4039 1008 4098 et
1030 4033 1192 4120 principes
1226 4055 1285 4120 per
1307 4031 1462 4100 Sanctam
1487 4043 1523 4100 et

466 4138 679 4203 Individuam
702 4134 901 4200 Trinitatem
924 4141 959 4200 et
980 4157 1040 4222 per
1070 4136 1251 4201 adventum
1278 4136 1356 4202 iusti
1386 4135 1521 4218 Iudicis,

467 4246 516 4317 ut,
538 4238 693 4324 quoniam
727 4258 770 4302 err
801 4235 1029 4303 munificentia
1061 4241 1301 4304 autecessorum
1334 4243 1523 4304 nostrorum

466 4343 537 4428 ipse
558 4342 647 4406 loeus
668 4339 893 4407 videturesse
916 4341 1051 4416 ditatus,
1075 4337 1186 4405 nullus
1219 4340 1443 4426 episcoporum
1466 4341 1523 4407 vel

468 4443 629 4508 abbatum
654 4449 715 4509 aut
748 4464 860 4508 eorum
891 4441 1096 4508 ordinatores
1117 4442 1172 4507 vel
1194 4442 1350 4529 quaelibet
1381 4465 1524 4529 persona

468 4545 573 4632 possit
595 4567 726 4633 quoquo
749 4543 865 4610 ordine
887 4544 928 4608 de
951 4543 1022 4610 loeo
1045 4545 1116 4630 ipso
1150 4545 1278 4629 aliquid
1299 4544 1434 4624 auferre,
1459 4553 1523 4612 aut

494 4702 735 4712 -——-—--—.--—
1154 4701 1449 4710 ---—---—-.-.--.....
1466 4704 1490 4710 -
1503 4705 1517 4711 ,

891 4775 899 4807 ¹
917 4775 973 4842 nec]
993 4791 1034 4840 ns,
1045 4775 1101 4828 MS.
