3567 5800
430 849 472 913 36
683 865 750 915 rue.
776 865 823 914 ou
845 866 979 916 omnus.
1003 867 1091 918 spuo.
1115 869 1203 917 msr.

430 1045 706 1113 eonstitutionis
696 1071 733 1112 m
766 1054 960 1136 perpetuum
983 1055 1018 1116 et
1039 1051 1291 1117 consecrationis
1312 1049 1401 1116 locus
1422 1052 1476 1130 sit,

431 1151 562 1234 atque
552 1149 734 1237 msignium
755 1153 917 1238 regalium
938 1153 1186 1240 repositorium!

342 1250 695 1357 1“Hooetiem
718 1255 903 1340 specialiter
925 1261 1019 1342 patet
1041 1278 1084 1322 ex
1107 1255 1249 1342 quadem
1270 1256 1362 1322 bullo
1370 1215 1480 1323 'Inno

263 1321 420 1425 pollicum
434 1354 569 1419 centii
557 1377 651 1442 popae
672 1357 817 1436 secundi,
840 1357 966 1422 directe
987 1357 1102 1425 abbati
1124 1363 1159 1423 et
1182 1359 1361 1424 conventui
1373 1359 1480 1424 West·

263 1463 337 1525 Dm,
435 1458 658 1536 monasterii,
648 1480 686 1523 m
707 1480 774 1545 que
788 1459 902 1526 teliter
918 1461 1173 1526 continetur·—
1175 1461 1330 1547 ‘Regelie
1352 1483 1480 1548 quoque

261 1529 357 1598 MP·
368 1551 414 1588 ¹¹¹·
432 1558 567 1644 gloriosi
588 1562 673 1649 regis
695 1561 862 1641 Edwardi
895 1583 968 1648 queo
990 1561 1078 1649 apud
1101 1584 1161 1628 vos
1182 1562 1388 1628 habentur
1378 1565 1481 1651 meig-

431 1661 496 1741 nie,
528 1664 578 1729 its
599 1663 636 1728 in
657 1663 772 1730 eodem
792 1666 993 1730 monasterio
1016 1666 1142 1732 intecto
1164 1669 1199 1730 et
1222 1665 1351 1752 integre
1373 1665 1480 1732 deere-

430 1763 538 1830 vimus
571 1767 767 1846 oonservuri,
797 1771 837 1832 ut
858 1767 943 1832 nulli
963 1768 1013 1832 fas
1035 1768 1080 1832 sit
1102 1767 1323 1855 cuiuscunque
1356 1768 1480 1833 ordinis

429 1874 488 1934 eut
510 1869 685 1956 dignitatis
706 1891 746 1934 ee
767 1869 950 1936 distrahere
971 1870 1026 1936 vel
1048 1892 1088 1936 ee
1106 1870 1247 1936 vendere
1271 1871 1358 1958 [eut]
1382 1876 1478 1936 extra

428 1971 568 2036 eundem
612 1993 739 2038 soomm
798 1971 906 2038 locum
951 1972 1074 2058 absque
1117 1973 1281 2038 oommuni
1329 1973 1476 2038 omnium

428 2069 569 2138 fratrum
591 2095 725 2138 assensu
754 2075 791 2139 in
821 2074 951 2160 aliquos
983 2095 1062 2152 usus
1093 2097 1275 2163 prorogare.
1332 2075 1370 2140 Si
1403 2076 1477 2160 quis

427 2179 538 2240 eutem
559 2181 674 2241 eontra
694 2176 766 2242 haee
787 2181 911 2242 temere
933 2178 1046 2244 venire
1077 2176 1338 2264 attemptaverit,
1371 2176 1479 2264 indig-

427 2276 597 2343 nationem
631 2279 869 2366 omnipotentis
892 2279 958 2345 Dei
991 2283 1027 2346 et
1048 2279 1221 2346 hestorum
1254 2279 1473 2366 apostolorum

428 2377 519 2444 Petri
541 2387 576 2446 et
599 2381 696 2446 Pauli
717 2381 887 2448 ineurmt'

472 2481 553 2547 “Ex
575 2484 627 2549 his
645 2483 733 2550 enim
756 2483 908 2549 omnibus
926 2488 1063 2571 apparet
1077 2483 1258 2562 manifeste,
1275 2484 1363 2570 quod
1378 2486 1476 2552 eoele-

425 2585 474 2650 sie
496 2585 792 2666 Westmonesterii,
825 2592 896 2652 tum
918 2608 961 2652 ex
983 2592 1111 2652 statuto
1141 2603 1257 2673 regum
1287 2593 1322 2677 et
1343 2588 1475 2673 Anglise

424 2688 683 2768 monarchorum,
707 2711 807 2775 quam
829 2711 871 2754 ex
895 2689 1101 2754 ordinatione
1132 2689 1326 2774 pontificum
1357 2689 1477 2756 Roma-

424 2809 552 2870 norum,
576 2796 628 2856 est
658 2791 747 2857 loeus
778 2791 835 2857 ille
867 2791 905 2856 in
937 2795 1094 2877 quotam
1129 2790 1169 2856 de
1200 2791 1271 2856 iure
1305 2813 1405 2876 quem
1434 2792 1476 2870 de

426 2891 566 2979 antique
609 2893 846 2961 consuetudine
887 2893 1003 2981 reponi
1040 2894 1183 2961 debeant
1220 2894 1344 2982 regello
1381 2895 1473 2982 regni

428 2996 540 3061 vestri.
585 2997 632 3061 Et
653 3001 787 3063 tentum
809 2998 851 3063 de
874 2996 1012 3062 articulo
1034 2995 1209 3062 secundo.’'

326 3172 332 3185 ¹
476 3106 493 3135 “
503 3098 620 3179 Quoad
641 3100 778 3165 tertium
799 3098 983 3179 articulum,
1007 3098 1066 3164 uhi
1088 3098 1256 3185 quaeritur,
1290 3120 1364 3183 quae
1395 3106 1475 3165 sunt

349 3210 355 3223 '
427 3200 486 3265 ille
507 3203 641 3289 regello,
676 3206 712 3267 et
732 3201 822 3267 unde
843 3201 1004 3287 originem
1037 3200 1231 3279 habuerunt,
1265 3222 1340 3286 quae
1373 3222 1475 3287 quon·

426 3303 503 3369 dum
525 3304 661 3370 fuerunt
691 3304 798 3391 prima
829 3304 955 3390 regello
985 3303 1079 3389 regni
1101 3302 1225 3384 vestri3
1259 3304 1475 3389 respondetur

424 3410 460 3471 et
482 3407 613 3487 dicitur,
648 3406 738 3493 quod
759 3406 818 3471 ille
840 3411 921 3470 sunt
953 3406 1026 3491 ipss
1046 3404 1179 3493 regalis,
1214 3404 1333 3492 quibus
1356 3426 1415 3470 vos
1436 3406 1472 3469 in

422 3530 561 3595 persone
581 3514 694 3574 vestra
714 3507 824 3573 fuistis
845 3507 882 3572 in
913 3506 1046 3573 ecclesie
1069 3507 1353 3573 westmonasterii
1386 3528 1474 3573 eoro-

421 3612 503 3688 neti,
526 3616 562 3677 et
583 3611 626 3676 sb
649 3611 720 3697 ipso
742 3610 878 3675 Alfredo
901 3610 969 3675 sive
991 3608 1138 3675 Aluredo
1168 3610 1274 3697 primo
1296 3609 1473 3675 monarche

421 3713 553 3801 Angliae
597 3716 809 3798 sumpserunt
841 3712 1010 3803 originem.
1078 3711 1152 3792 Qui,
1174 3716 1215 3777 ut
1246 3713 1337 3799 prius
1370 3734 1469 3799 supro

422 3817 659 3904 descripsimus,
691 3814 758 3880 fuit
787 3838 808 3879 a
849 3836 935 3902 pepe
967 3814 1077 3880 Leone
1112 3814 1226 3881 Romae
1268 3814 1472 3883 sollemniter

421 3924 603 3985 oomnotus.
648 3917 727 3983 Istis
747 3918 838 3983 enim
859 3917 1024 4004 regalibus
1046 3938 1128 3983 evus
1146 3922 1255 3982 vester
1278 3916 1469 3995 edwardus,

420 4029 457 4089 et
478 4031 573 4109 poter
594 4042 681 4102 suus,
704 4032 740 4085 et
762 4019 865 4085 etiem
886 4025 982 4105 peter
1003 4040 1082 4085 suus
1105 4018 1297 4099 Edwardus‚
1320 4025 1356 4085 et
1377 4024 1471 4106 poter

420 4148 498 4192 suus
521 4123 683 4190 Hemious
703 4122 832 4203 tertius,
863 4128 899 4187 et
930 4128 1025 4208 peter
1054 4143 1133 4187 suus
1155 4120 1333 4202 Johnnues,
1368 4122 1471 4188 frater

419 4228 506 4316 regis
528 4226 663 4294 Ricardi
695 4226 803 4313 primi,
836 4230 872 4289 et
908 4224 1068 4291 Ricardus
1098 4224 1200 4290 freter
1229 4222 1253 4289 J
1255 4224 1401 4305 ohannis,
1436 4239 1470 4290 et

419 4336 514 4417 puter
535 4331 606 4396 eius
621 4328 784 4394 Henricus
806 4328 974 4408 secundus,
998 4330 1034 4393 et
1056 4326 1244 4412 Stephanus
1265 4348 1366 4414 nepos
1388 4327 1470 4392 dieti

420 4432 558 4499 Hem-ici
589 4432 733 4509 secundi,
765 4436 808 4509 et,
840 4435 881 4495 ut
915 4429 1062 4495 breviter
1092 4430 1189 4517 plum
1214 4429 1277 4495 sub
1303 4451 1371 4495 uno
1394 4452 1469 4495 ver·

419 4537 535 4602 borum
572 4536 742 4602 involucro
779 4532 1059 4620 eomprehendam,
1101 4554 1216 4598 omnes
1255 4554 1349 4620 reges
1391 4538 1469 4619 post

418 4638 622 4703 Willelmum
644 4638 797 4725 primum,
830 4640 866 4703 et
886 4635 997 4724 plures
1019 4640 1097 4701 ente
1120 4636 1228 4722 ipsum
1251 4634 1466 4718 willelmum,

418 4742 553 4805 fuomnt
574 4740 611 4803 in
643 4740 776 4805 ecelesia
798 4738 1085 4806 westmonasterii
1118 4738 1271 4804 coronati
1333 4737 1404 4805 Noe
1426 4740 1470 4805 de
