3567 5800
541 840 608 905 222
801 856 866 907 ruo.
890 858 939 906 nu
960 856 1096 908 onnus
1121 857 1212 909 aruc
1236 858 1325 909 mur.

541 1044 617 1118 tem,
632 1039 731 1127 regiis
753 1041 898 1108 cultibus
919 1043 1103 1130 parandum
1124 1042 1312 1129 praebuerit,
1326 1045 1401 1130 quis
1419 1044 1566 1122 nsdmare

374 1160 518 1211 sheworks
541 1142 615 1228 quis
646 1143 752 1210 dicere
782 1146 929 1231 poteritl
975 1144 1018 1209 In
1047 1166 1113 1231 quo
1145 1166 1214 1212 non
1248 1151 1320 1211 tarn
1341 1146 1504 1213 videbatur
1523 1146 1568 1211 illi

371 1227 469 1343 {erup}
541 1266 627 1310 uxor
652 1266 854 1333 essequam
884 1246 977 1328 filia3
1010 1268 1079 1313 non
1105 1254 1175 1314 tam
1205 1248 1334 1330 coniux,
1359 1270 1455 1337 quam
1478 1254 1568 1314 mater

372 1310 498 1421 rietus?
540 1348 604 1433 pu,
651 1348 740 1415 Nam
764 1370 839 1416 oum
863 1351 979 1437 priscis
1001 1350 1187 1437 angurum
1210 1352 1345 1439 murus
1370 1360 1466 1419 aaut
1482 1352 1567 1418 mors

370 1429 607 1545 lffffifflnon
628 1450 729 1519 fuerit
748 1452 928 1519 lautiorum
948 1452 1092 1519 cultibus
1106 1454 1381 1521 vestimentorum
1403 1454 1452 1520 uti
1468 1459 1567 1543 preter

371 1562 494 1625 anagni-
539 1574 634 1641 sagos
665 1576 745 1621 auro
775 1576 876 1642 supra
907 1561 1040 1641 paratos
1071 1560 1107 1622 et
1137 1556 1326 1623 huiusmodi
1348 1562 1454 1624 restes
1472 1576 1567 1624 secun

370 1628 516 1745 ξξξέζῗθ
538 1655 618 1721 dum
640 1678 765 1723 morem
786 1658 920 1745 gentis3
942 1660 1014 1725 hoec
1035 1680 1057 1723 a
1078 1656 1241 1747 principio
1262 1680 1332 1726 sure
1354 1659 1567 1725 coniunctionis

371 1762 471 1812 known.
536 1758 660 1826 talibus
692 1780 768 1826 eum
797 1780 839 1825 ex
868 1780 928 1826 suo
954 1760 1060 1848 ipsius
1083 1782 1179 1847 opere
1203 1762 1258 1828 rel
1287 1763 1403 1829 studio
1422 1761 1567 1828 redimivit

535 1862 746 1945 ornamentis,
770 1868 810 1927 ut
824 1862 884 1928 vix
907 1864 977 1949 ipse
1000 1861 1157 1929 Salomon
1176 1864 1214 1929 in
1228 1866 1320 1930 omni
1334 1865 1439 1952 gloria
1457 1885 1510 1929 sua
1526 1864 1566 1929 ita

536 1964 674 2031 indutus
696 1965 808 2053 putari
832 1972 952 2051 posset
1011 1964 1054 2029 In
1080 1966 1201 2052 quibus
1222 1967 1381 2033 ornandis
1412 1988 1472 2033 non
1495 1964 1567 2031 aesti·

535 2068 698 2149 mabntur,
721 2072 847 2154 quanto
862 2066 1000 2154 pretiosi
1021 2067 1147 2155 lapides
1169 2074 1204 2135 et
1225 2092 1309 2136 rarae
1331 2092 1465 2157 gemmae
1483 2074 1565 2153 aare

534 2169 673 2235 uniones
692 2169 825 2235 candidi
846 2176 1045 2255 pararentur
1057 2193 1067 2250 ;
1089 2170 1126 2235 in
1149 2171 1380 2257 chlamydibus
1403 2176 1438 2237 et
1456 2169 1565 2248 tunicis,

535 2272 648 2358 caligis
670 2292 800 2359 quoque
823 2275 858 2337 et
889 2271 1119 2338 calceamentis
1144 2274 1240 2339 nulla
1262 2274 1335 2338 auri
1359 2271 1564 2361 quantitasin

536 2375 697 2441 varietate
726 2375 844 2440 florum
875 2374 1104 2461 multipliciter
1133 2396 1168 2441 se
1197 2376 1441 2442 effundentium
1468 2394 1565 2462 pense

534 2476 653 2543 batur.¹
692 2476 793 2543 Sedes
808 2474 932 2564 ubique
947 2478 1078 2543 nitebat
1092 2484 1211 2564 parata
1226 2480 1337 2567 palliis
1356 2502 1419 2546 acu
1432 2484 1565 2566 operante

535 2600 615 2645 auro
637 2578 797 2658 intextis;
831 2579 905 2645 loca
929 2578 1139 2667 subpedaneo
1161 2582 1364 2669 tegebantur
1389 2580 1565 2671 pretionon'·

535 2679 598 2747 bus
622 2681 796 2769 Hispaniae
817 2682 949 2769 tapetia
995 2683 1137 2749 Baculus
1159 2684 1229 2750 eius
1250 2684 1294 2750 ad
1315 2687 1508 2752 cotidianum
1526 2684 1566 2747 in·

535 2806 660 2851 cessum
686 2806 765 2851 auro
792 2791 827 2851 et
852 2786 992 2872 gemmis
1015 2786 1231 2873 operiebatur.
1286 2787 1377 2855 Sella
1400 2795 1435 2855 et
1455 2786 1565 2876 phalera

534 2888 606 2955 eius
631 2888 778 2955 bestiolis
802 2894 837 2956 et
859 2888 999 2956 aviculis
1021 2911 1102 2957 auro
1124 2890 1258 2978 paratis,
1273 2889 1346 2978 ipsa
1366 2891 1480 2959 fabrile
1499 2909 1564 2977 opus

534 2993 693 3073 (liubanis,
707 2993 987 3080 appendebantur.
1033 2992 1205 3060 Postremo
1220 2995 1379 3082 quicquid
1400 2994 1564 3082 excogitare

534 3101 673 3182 poterat,
704 3097 793 3182 quod
822 3117 899 3161 eum
929 3097 1066 3176 deceret,
1093 3098 1131 3163 id
1160 3119 1257 3186 opere
1282 3098 1471 3164 maturandi
1490 3093 1564 3162 nullu

534 3219 627 3264 mora
663 3199 736 3266 fieri
772 3204 890 3286 posset.
959 3197 1050 3279 Quid
1087 3199 1190 3266 etiam
1227 3201 1330 3267 tacite
1366 3200 1563 3272 transibimus

534 3307 659 3387 quanto
688 3302 800 3368 studio
823 3323 942 3389 pueros
967 3303 1026 3387 qui
1049 3303 1221 3390 exipsius
1246 3305 1334 3392 regis
1359 3325 1476 3392 genere
1497 3302 1565 3367 dice

533 3404 658 3469 bantur
678 3404 863 3486 enutrierit,
881 3402 1037 3485 docuerit,
1058 3406 1237 3486 ornaverit,
1257 3411 1293 3472 et
1315 3427 1446 3473 omnem
1466 3410 1565 3472 meter·

533 3529 613 3572 nuru
640 3507 795 3572 affectum
824 3507 861 3571 in
887 3506 935 3572 eis
960 3505 1139 3573 effuderit?
1183 3507 1267 3589 Quae
1295 3509 1413 3597 lingua
1433 3509 1483 3576 vel
1508 3504 1589 3593 quis.

534 3629 639 3676 sermo
666 3607 914 3675 vicissitudines
937 3609 1009 3674 eius
1032 3610 1087 3675 vel
1110 3611 1198 3676 dona
1224 3611 1412 3699 explicabit,
1437 3610 1566 3699 qualibus

534 3716 569 3778 et
598 3711 732 3798 quantis
761 3733 840 3799 erga
868 3717 1095 3778 muneratores
1125 3713 1195 3778 sive
1225 3713 1398 3782 officiarios
1426 3735 1495 3781 suos
1519 3729 1565 3774 usu

534 3815 657 3881 fueriti
713 3812 955 3880 Deficientibus
977 3837 1056 3901 ergo
1076 3815 1188 3882 verbis
1209 3815 1246 3881 in
1268 3817 1460 3884 abundante
1478 3811 1566 3903 probi·

534 3923 645 3984 tatum
681 3917 752 3984 eius
790 3917 895 4006 copia,
912 3906 973 3984 'sic
1010 3918 1081 3984 eius
1117 3919 1268 3985 concludi
1297 3942 1318 3984 a
1347 3919 1443 3987 nobis
1476 3919 1566 4007 potest

534 4021 689 4088 valentia
756 4019 822 4086 Ubi
856 4021 952 4108 plura
985 4021 1026 4086 de
1058 4042 1098 4087 ea
1128 4021 1358 4108 scripserimus,
1388 4043 1448 4111 pro
1476 4038 1564 4085 rerum

535 4127 628 4212 copia
648 4123 733 4189 nihil
755 4123 878 4189 dixisse
900 4123 1101 4211 putabimur.
1163 4125 1220 4191 Sic
1247 4125 1408 4191 nimirum
1436 4119 1565 4212 progeni·

534 4234 621 4294 tores
655 4228 726 4293 eius
757 4247 829 4292 eam
854 4249 875 4290 a
898 4231 1012 4293 tenero
1045 4227 1157 4314 parari
1188 4227 1365 4294 voluerant
1396 4226 1565 4316 unguent

535 4330 682 4397 omnium
704 4334 829 4395 careret
851 4328 1033 4395 collatione.

367 4421 483 4542 ἑοῗξξὲ
580 4433 691 4520 Igitur
730 4431 922 4512 (lodwinus,
951 4433 1066 4497 volens
1099 4431 1163 4496 sibi
1192 4433 1280 4520 regis
1310 4433 1458 4499 animum
1483 4445 1563 4516 quem

368 4555 454 4690 iffi]
535 4535 579 4602 ob
592 4556 705 4602 necem
725 4534 839 4600 fratris
861 4534 1127 4622 proditionesque
1148 4555 1216 4601 non
1238 4555 1359 4622 pancas
1379 4557 1448 4602 non
1466 4549 1563 4622 parurn

842 4763 850 4794 ¹
863 4759 1032 4829 ruam]
1050 4759 1210 4826 mutar,
1219 4759 1278 4813 rsa.
