3567 5800
482 865 546 927 308
741 875 808 924 nro.
830 875 877 924 na
901 875 1035 924 cranao.
1059 873 1148 924 senc.
1171 873 1259 926 mar.

480 1067 559 1152 gina
603 1065 794 1142 habebatur,
833 1067 1013 1152 ceterisque
1052 1089 1113 1153 per
1160 1065 1314 1152 Angliam
1358 1063 1531 1130 comitissis

481 1171 565 1234 siout
596 1169 722 1233 divitiis
744 1170 793 1234 ita
816 1175 850 1234 ct
872 1170 965 1235 cultu
987 1170 1132 1234 vestium
1163 1168 1335 1233 nitebatur
1365 1166 1529 1231 excellere.

313 1286 369 1337 The
482 1269 637 1336 Instabat
671 1271 797 1351 cotidie,
832 1294 901 1337 non
934 1273 1040 1338 solum
1069 1277 1110 1337 ut
1140 1271 1325 1350 artificiose,
1349 1269 1532 1334 sedetiam

311 1355 468 1472 ffiffilffif
482 1377 522 1438 ut
543 1373 692 1438 celeriter
715 1373 826 1438 omnia
844 1375 1093 1460 complerentur.
1142 1373 1271 1438 Aderat
1290 1373 1419 1436 interea
1440 1370 1532 1435 beati

310 1489 442 1554 urgesher
481 1476 568 1562 regis
605 1481 639 1541 et
679 1477 834 1562 martyris
879 1476 1038 1541 Edwardi
1082 1477 1181 1542 huius
1225 1474 1331 1540 nostri
1376 1473 1532 1561 principis

309 1555 427 1671 {222¹ss
483 1579 591 1665 patrui
614 1579 768 1665 praeclara
798 1579 1020 1658 sollemnitas3
1052 1579 1111 1664 qui
1133 1578 1176 1642 ab
1198 1576 1309 1664 impiis
1333 1577 1406 1641 sine
1436 1575 1532 1661 culpa

310 1687 461 1738 somevork
483 1689 680 1769 peremptus,
696 1681 782 1747 sicut
804 1681 1029 1768 praemisimus,
1051 1681 1088 1745 in
1109 1681 1309 1745 innocentiae
1331 1684 1423 1744 statu
1444 1678 1533 1744 exti-

311 1769 344 1869 gi
353 1755 472 1872 diffidit
483 1794 570 1854 terat
610 1789 772 1874 martyrio
817 1793 999 1854 coronatus
1071 1787 1273 1854 Fluctuabat
1317 1786 1429 1851 animo
1473 1784 1530 1848 illa

311 1888 465 1954 aaraking
483 1893 612 1980 sapiens
634 1892 760 1970 mulier,
783 1913 856 1956 cum
880 1897 914 1957 et
938 1891 1043 1977 operis
1069 1890 1264 1955 dilationem
1290 1887 1532 1977 superbissimae

310 1955 470 2022 neomartyr,
483 2000 517 2060 et
539 1993 821 2060 excellentissimas
851 1994 982 2059 feminae
1008 1994 1273 2080 indignationem
1294 1992 1360 2057 sibi
1385 1990 1532 2057 crederet

480 2098 661 2183 parituram
699 2101 742 2164 et.
772 2095 1011 2161 sanctissimam
1051 2096 1268 2160 festivitatem
1310 2095 1420 2159 labore
1457 2116 1531 2178 pro-

478 2199 586 2264 hibito
608 2199 731 2264 violare
766 2199 900 2264 Divinas
922 2197 1060 2262 ultionis
1091 2199 1226 2263 timeret
1248 2219 1316 2262 esse
1347 2197 1528 2261 materiam.

478 2300 665 2387 Respiciens
695 2301 798 2386 igitur
824 2301 944 2365 sociam
970 2299 1077 2386 operis
1103 2299 1388 2376 adolescentulam,
1411 2298 1528 2377 “Quid

477 2403 545 2481 tu,”
568 2405 687 2490 inquit,
713 2405 829 2468 “inter
851 2403 973 2467 laboris
995 2402 1094 2467 huius
1115 2403 1344 2468 necessitatem
1366 2408 1401 2467 et
1423 2401 1527 2464 sancti

478 2507 563 2592 regis
590 2505 749 2571 Edwardi
778 2506 998 2571 festivitatem
1021 2507 1190 2572 decernis?
1249 2505 1295 2569 Et
1323 2505 1389 2569 iam
1413 2525 1529 2567 vacare

479 2607 731 2694 dispendiosum,
756 2608 884 2693 operari
915 2612 1027 2673 autem
1051 2609 1085 2673 in
1109 2612 1206 2673 tanta
1236 2605 1417 2673 festivitate
1440 2607 1528 2670 arhi-

311 2725 460 2779 oneofher
481 2715 551 2775 tror
576 2709 823 2796 periculosum.’'
871 2710 1054 2776 Subsidens
1080 2716 1190 2775 autem
1208 2708 1389 2785 iuvencula,
1415 2708 1529 2772 “Iste-

309 2795 392 2843 work·
479 2833 523 2876 ne
556 2812 634 2892 est,''
685 2813 742 2888 ait,
781 2813 1006 2890 “Edwardua
1053 2835 1151 2901 quem
1187 2812 1275 2898 apud
1306 2811 1529 2875 Westmonas-

309 2875 458 2981 dehllilthe
480 2916 601 2981 terium
639 2916 710 2981 haec
745 2918 867 2981 rustica
897 2917 1077 2981 multitudo
1109 2921 1288 2981 veneratur
1324 2920 1365 2979 ut
1397 2920 1529 3000 regem?

311 2994 456 3059 ⁰⁰¹¹f⁸⁸⁵⁰'’
481 3018 582 3105 Roga,
606 3019 685 3105 quid
708 3018 790 3082 mihi
813 3025 847 3084 et
870 3020 943 3083 illi?
991 3018 1119 3083 Vacent
1141 3019 1207 3099 alii,
1230 3024 1265 3084 et
1287 3018 1354 3082 suis
1376 3018 1528 3082 cantibus

479 3122 531 3187 vel
554 3122 714 3209 plangant
740 3126 908 3185 mortuum
930 3122 984 3185 vel
1016 3120 1197 3186 honorent:
1237 3144 1297 3207 ego
1324 3143 1391 3186 non
1423 3120 1528 3205 magis

477 3248 536 3311 pro
552 3246 704 3310 coquam
727 3246 785 3309 pro
808 3224 931 3289 rustico
954 3223 1104 3309 quolibet
1125 3224 1395 3309 inceptumopus,
1413 3224 1441 3287 si
1461 3224 1528 3286 ius-

477 3327 565 3404 seris,
581 3324 863 3413 prsetermittam.”
908 3326 1058 3412 Expavit
1085 3325 1229 3400 domina,
1253 3331 1288 3391 et
1311 3326 1451 3390 incaluit
1472 3346 1529 3390 cor

478 3430 556 3509 eius,
580 3436 614 3494 et
639 3429 703 3515 [in]
733 3428 951 3493 meditatione
984 3429 1054 3493 eius
1086 3434 1274 3494 exaestuans
1299 3428 1387 3515 ignis
1418 3428 1530 3513 erupit

477 3534 514 3597 in
535 3554 649 3597 vocem
682 3530 918 3617 increpationis
941 3536 977 3595 et
1002 3530 1251 3617 indignationis,
1276 3535 1310 3595 et
1332 3530 1427 3617 quasi
1456 3531 1529 3595 dia-

477 3634 582 3699 bolico
613 3639 817 3721 praeventam
848 3634 970 3720 spiritu
1004 3632 1226 3720 blasphemam
1259 3633 1441 3698 durissimis
1461 3655 1529 3697 ser-

478 3737 629 3801 monibus
652 3737 854 3802 verberabat.
917 3734 1061 3800 Ridebat
1092 3735 1292 3821 pedissequs,
1317 3740 1352 3800 et
1384 3736 1527 3800 domina*

478 3862 545 3905 suae
580 3839 825 3925 simplicitatem
856 3838 997 3903 irridens
1028 3838 1280 3924 blasphemiam¹
1316 3838 1528 3925 blasphemiis

308 3935 394 4053 ἓξὲξ
430 3941 691 4055 ,ὼουηιηΙαῦειὲς
752 3964 827 4008 cum
864 3941 976 4006 subito
1010 3940 1125 4005 multis
1162 3940 1349 4005 astantibus
1382 3940 1526 4027 paralysi

308 4020 386 4134 pani,
405 4020 437 4053 xa
478 4046 591 4111 morbo
622 4046 803 4131 corripitur,
835 4050 870 4111 et
904 4067 939 4109 os
972 4042 1199 4130 blasphemum
1237 4066 1339 4129 usque
1369 4043 1413 4108 ad
1446 4044 1526 4108 dev·

477 4154 582 4214 teram
604 4168 716 4213 aurem
740 4152 905 4213 retortum
930 4146 1032 4212 etiam
1055 4145 1160 4211 officio
1182 4146 1306 4232 linguae
1329 4168 1395 4233 qua
1417 4146 1527 4211 fuerat

475 4252 578 4317 abusa
608 4250 764 4337 privavit.
825 4249 990 4336 Spumant
1023 4249 1122 4328 labia,
1154 4248 1273 4314 stridet
1305 4250 1466 4324 dentibus,
1490 4256 1527 4313 et

474 4355 600 4431 arescit,
639 4352 881 4438 miserabilique
922 4350 1143 4416 membrorum
1188 4352 1372 4417 sinuamine
1409 4372 1526 4437 corpus

474 4479 571 4523 omne
595 4460 777 4542 torquetur.
847 4454 931 4519 Haec
962 4476 1037 4519 cum
1061 4454 1307 4520 materfamilias
1341 4454 1525 4519 iuvenculae

473 4648 641 4658 .-.-...-..--
688 4652 700 4655 ..
797 4650 837 4656 ..-
858 4650 929 4655 --...-
962 4649 991 4654 .-
1005 4647 1201 4654 ......-..-,-..-
1214 4646 1246 4652 ..—

766 4773 772 4803 ¹
791 4775 976 4843 tlnaphnainm]
989 4776 1167 4840 blasphemam,
1177 4776 1233 4826 MS.
