3567 5800
533 850 596 913 120
796 866 862 915 mc
884 865 933 915 nr
954 864 1088 915 omnuc.
1111 864 1309 917 senemr.

530 1050 655 1116 occulta
692 1051 875 1116 redimeret.
937 1050 1102 1117 Pretiosus
1139 1050 1292 1130 amictus,
1325 1052 1384 1137 qui
1417 1051 1575 1137 plerisque

529 1152 721 1218 mulieribus
743 1158 794 1217 est
815 1154 890 1219 leno
913 1153 1061 1220 solvendi
1094 1152 1236 1240 pudoris,
1259 1154 1309 1218 illi
1332 1158 1406 1219 erat
1434 1152 1575 1239 supellex

528 1255 769 1334 munificentiae,
793 1260 834 1320 ut
856 1256 1038 1343 quemlibet
1066 1278 1236 1343 operosam
1258 1261 1385 1321 vestem
1408 1260 1574 1343 conspecto

528 1359 642 1423 statim
663 1358 837 1445 largiretur
871 1359 1013 1446 pauperi
1070 1359 1219 1447 Speciem
1252 1358 1396 1446 corporis
1419 1366 1455 1425 et
1477 1358 1574 1424 artifi-

528 1464 616 1529 cium
638 1486 795 1530 manuum
830 1466 866 1529 in
900 1488 939 1531 ca
969 1466 1056 1532 livor
1086 1488 1216 1553 quoque
1247 1466 1371 1547 laudat,
1395 1488 1472 1532 cum
1495 1465 1573 1530 nihil

530 1566 765 1655 reprehendere
787 1573 904 1655 posset
959 1566 1044 1635 Haec
1074 1568 1178 1656 igitur
1208 1569 1360 1635 medullis
1382 1567 1572 1634 vaticinium

530 1670 696 1751 cohibens,
717 1676 848 1757 postero
881 1692 978 1736 manc
1003 1671 1072 1737 filio
1104 1672 1216 1739 dixit:
1263 1677 1281 1708 “
1297 1671 1459 1737 latratus
1489 1676 1571 1737 eatu-

453 1759 486 1793 ⁰¹¹
530 1772 648 1854 lorum,
671 1795 769 1859 quem
796 1778 903 1839 matre
935 1774 1121 1859 quiescente
1153 1772 1280 1851 dedere,
1303 1774 1472 1861 significat
1493 1774 1572 1860 quod

531 1883 607 1963 post
628 1876 756 1941 obitum
779 1880 884 1955 tuum,
909 1876 1152 1961 quiescentibus
1174 1876 1241 1941 illis
1262 1877 1321 1963 qui
1342 1876 1444 1941 modo
1467 1876 1570 1941 valent

530 1983 565 2044 et
586 1980 716 2056 vivunt,
738 1978 886 2043 nondum
918 1978 990 2043 nati
1021 1978 1201 2044 nebulones
1235 1983 1351 2044 contra
1382 1977 1448 2044 Dei
1480 1978 1570 2044 latra-

527 2080 614 2146 bunt
635 2080 817 2151 ecclesiam,
869 2081 959 2146 Sane
993 2079 1081 2167 quod
1113 2102 1217 2145 unum
1250 2102 1387 2167 pomum
1422 2087 1567 2167 sequium

526 2194 577 2253 est
608 2188 758 2265 alterum,
789 2187 840 2252 ita
870 2194 910 2253 ut
951 2208 993 2251 ex
1033 2186 1200 2252 collisione
1237 2186 1373 2252 secundi
1411 2186 1450 2252 in
1488 2188 1568 2275 prins

526 2290 694 2356 videretur
707 2311 776 2355 vox
797 2288 989 2368 insonuisse,
1011 2288 1090 2357 Wcll
1111 2288 1144 2355 te
1166 2288 1218 2355 tlte
1229 2314 1243 2369 ;
1266 2290 1327 2355 hoc
1348 2290 1475 2368 innuit,
1492 2290 1568 2377 quod

527 2414 569 2459 ex
591 2398 635 2472 ta,
658 2393 715 2479 qui
737 2391 836 2457 modo
857 2392 957 2457 arbor
987 2414 1022 2457 es
1054 2397 1161 2457 totam
1192 2392 1388 2457 inumbrans
1409 2392 1566 2480 Anglian,

526 2495 592 2561 duo
608 2494 786 2582 procedent
800 2494 881 2560 filii:
906 2495 1049 2560 fautores
1064 2495 1201 2560 secundi
1216 2499 1411 2583 expugnent
1427 2496 1566 2581 primum.

526 2599 619 2663 Tunc
640 2597 778 2663 diversae
800 2598 905 2684 partis
926 2598 1110 2662 incentores
1133 2597 1244 2663 dicent
1274 2596 1386 2684 pueris
1420 2598 1565 2683 utrisque,

532 2699 613 2767 Well
633 2698 668 2765 e‘a
689 2698 764 2777 tlte;
787 2699 866 2787 quia
890 2705 1040 2765 mortuus
1061 2698 1215 2787 regnabit
1245 2700 1282 2764 in
1304 2698 1397 2777 eaelo,
1422 2700 1517 2765 vivus
1535 2700 1565 2763 in
1701 2756 1702 2761 ,

526 2802 652 2869 εωοιιΙο.
713 2801 787 2867 Iam
821 2802 911 2889 quod
944 2824 1060 2868 urceus
1097 2800 1203 2867 maior
1239 2802 1400 2867 minorem
1439 2802 1563 2889 implere

526 2928 595 2972 non
628 2910 781 2993 poterat:
814 2905 876 2970 hoc
910 2904 1071 2994 designat,
1095 2906 1184 2992 quod
1215 2910 1331 2993 gentes
1364 2905 1562 2991 aquilonales

526 3031 600 3096 quae
637 3006 875 3074 numerosiores
908 3013 987 3073 sunt
1020 3026 1120 3094 quam
1153 3007 1265 3095 Angli,
1301 3005 1463 3094 Angliarn
1498 3013 1562 3094 post
1700 3009 1701 3026 *

526 3116 667 3177 mortem
689 3115 784 3176 tuam
805 3111 977 3197 impetent,
1001 3116 1043 3191 et,
1067 3111 1219 3196 quamvis
1242 3109 1355 3176 crebro
1378 3110 1561 3197 compatrio-

525 3221 636 3280 tarum
659 3213 807 3278 advcntu
829 3212 943 3277 ruinas
977 3233 1053 3276 suas
1084 3213 1268 3300 suppleant,
1291 3233 1462 3299 nunquam
1483 3213 1561 3277 hunc

525 3317 685 3404 angulum
706 3314 822 3380 mundi
845 3320 1004 3399 poterunt
1030 3314 1189 3400 implere:
1222 3316 1304 3400 quin
1339 3314 1450 3402 potius
1470 3313 1560 3400 Angli

525 3422 639 3496 nostri,
661 3440 737 3485 cum
769 3418 913 3482 maxime
947 3417 1029 3483 victi
1061 3417 1273 3498 videbuntur,
1301 3439 1355 3484 eas
1388 3418 1546 3504 expellent
1553 3439 1561 3494 ;

526 3525 655 3608 eritque
676 3522 739 3586 sub
760 3542 821 3586 suo
843 3525 879 3585 et
902 3519 966 3586 Dei
987 3519 1126 3586 arbitrio
1159 3541 1263 3607 usque
1294 3521 1339 3586 ad
1372 3520 1559 3609 praefinitum

526 3630 658 3710 tempus
679 3644 701 3688 a
722 3621 883 3690 chniu?
1596 3605 1602 3620 ³

361 4095 432 4146 wip·
923 4048 1173 4116 Commuamo.

361 4161 488 4214 Malunii.

361 4227 445 4293 §¹⁵⁵-
573 4243 695 4309 Hmus
716 4241 868 4308 vaticinii
882 4239 1059 4306 veritatem
1081 4239 1179 4306 lectio
1201 4241 1365 4326 posterior
1385 4225 1554 4329 patefaciet

529 4345 737 4413 Considerari
763 4365 841 4431 ergo
874 4342 974 4409 debet
1007 4344 1152 4428 parentis
1186 4348 1221 4408 et
1253 4345 1354 4430 prolis
1384 4343 1556 4410 indubitata

527 4448 695 4524 sanctitas,
734 4447 823 4533 quod
859 4445 944 4511 alter
976 4444 1100 4512 viderit
1137 4447 1280 4533 aenigma
1321 4447 1461 4534 vigilans
1493 4443 1555 4506 sinc

527 4551 704 4630 obstaculo,
727 4549 890 4615 etaltera
921 4546 1058 4613 solverit
1091 4549 1260 4634 problema
1291 4549 1332 4614 de
1367 4549 1460 4636 longe
1490 4565 1554 4632 por-

526 4658 616 4719 recto
637 4651 817 4740 prophetiae
839 4650 941 4718 oculo.
993 4650 1237 4737 Sanctitatique
1270 4673 1400 4717 morum
1430 4669 1554 4718 commu·

526 4754 659 4822 micabat
679 4754 866 4821 severitatis
887 4753 1103 4834 animositas;
1136 4758 1176 4819 ut
1197 4753 1326 4822 nullum
1349 4755 1551 4835 omnemque
