3567 5800
487 856 528 917 12
742 871 809 920 nm.
833 872 880 920 nn
901 871 1036 922 emmo.
1058 873 1148 922 senc.
1172 872 1261 923 mar.

482 1057 593 1123 keaeia
614 1059 736 1123 dicitur
758 1059 928 1126 hiemavit.
974 1062 1059 1128 (lum
1081 1063 1202 1149 quibua
1224 1070 1305 1130 tunc
1330 1065 1531 1132 Merciorum

482 1165 596 1248 gentes
619 1161 698 1227 dato
720 1184 854 1230 munere
876 1163 1038 1251 pacificati
1059 1171 1148 1232 sunt.

313 1308 470 1396 ltochnd.

313 1398 442 1449 andllatt.

313 1465 458 1583 iffi,
877 1475 1128 1542 Communem.

312 1599 382 1648 Rlefll

312 1667 429 1798 ἓξὲξ
529 1691 652 1759 Eodem
688 1715 775 1758 anno
805 1715 865 1758 rex
895 1691 1197 1759 Nerthumbrorum
1235 1694 1399 1781 Egbertua
1435 1693 1527 1760 diem

312 1797 376 1863 king
386 1799 417 1849 of
484 1795 601 1862 clausit
615 1800 808 1878 extremum,
824 1801 859 1862 et
874 1795 962 1862 Ricei
978 1797 1134 1862 successit
1151 1797 1182 1862 ei
1202 1797 1239 1861 in
1261 1819 1399 1884 regnum
1414 1798 1527 1864 tribus

312 1865 451 1916 Nerthum·
552 1898 559 1912 .

312 1933 375 1984 bri&
482 1919 585 1964 annm.

312 2041 402 2102 Aeser,

329 2146 335 2158 .
348 2109 396 2158 478
409 2106 441 2158 Β.

310 2181 416 2292 Ψξω
873 2203 1123 2271 commune.

310 2308 344 2357 A.
357 2308 390 2358 n.
403 2311 460 2370 en,

310 2377 460 2506 affines
525 2407 559 2473 N
561 2407 696 2475 efandus
721 2407 892 2474 Danorum
916 2407 1077 2475 exereitus
1101 2406 1306 2472 Lindeseiam
1326 2405 1524 2492 relinquens,

309 2521 431 2574 dethrone
482 2512 638 2579 Merciam
668 2511 762 2591 adiit,
793 2517 828 2577 et
865 2511 903 2576 in
939 2511 1021 2577 villa
1050 2533 1124 2597 quae
1168 2508 1366 2597 Rependone
1403 2508 1526 2574 dicitnr

308 2588 419 2721 {ffi’
480 2616 648 2682 hiemavit.
694 2615 904 2681 Burhredum
929 2636 1058 2702 quoque
1080 2636 1191 2701 regem
1216 2614 1411 2680 Merciorum
1435 2636 1526 2680 anno

308 2721 431 2801 Meron„
478 2719 572 2805 regni
601 2717 651 2783 sui
675 2718 829 2784 vicesimo
856 2718 996 2784 secundo
1023 2717 1224 2804 expulerunt
1246 2740 1268 2782 a
1292 2738 1400 2805 regno.
1457 2717 1525 2798 Qui

308 2803 433 2908 &³⁸³¹
479 2824 619 2888 Romam
647 2827 722 2909 post
752 2821 821 2887 dies
850 2842 970 2909 paucos
998 2820 1165 2909 proiectus
1195 2820 1279 2886 obiit
1315 2820 1449 2901 ibidem,
1487 2827 1525 2886 et

476 2928 575 2993 iuxta
611 2924 757 2991 scholam
797 2926 983 3012 Anglorum
1019 2925 1056 2989 in
1092 2924 1226 2991 ecclesia
1262 2924 1370 2991 beatae
1406 2923 1524 2991 Mariae

475 3029 565 3117 regio
588 3051 678 3095 more
700 3028 903 3115 sepulturam
916 3029 1050 3115 accepit
1097 3029 1177 3095 Post
1190 3029 1283 3095 cuius
1296 3030 1525 3115 expulsionem

475 3134 565 3200 Dani
602 3156 741 3222 regnum
783 3134 980 3201 Marciorum
1018 3154 1077 3199 suo
1114 3132 1259 3199 dominio
1296 3132 1523 3199 subdiderunt

477 3238 574 3319 Quod
619 3242 731 3303 tamen
776 3237 907 3304 cuidam
961 3236 1132 3322 insipienti
1185 3237 1345 3316 ministro,
1390 3235 1525 3303 nomine

306 3352 425 3418 eeolvph
478 3341 674 3427 Oeolvlph0‚
712 3361 751 3405 eo
787 3344 884 3427 pacto
928 3339 1176 3404 custodiendum
1220 3338 1438 3414 tradiderunt,
1472 3342 1525 3418 ut,

305 3422 430 3473 ‘lm
477 3442 736 3529 quandocunque
773 3443 905 3519 vellent,
943 3441 1027 3506 illud
1065 3442 1128 3506 cibi
1165 3441 1297 3527 pacifice
1332 3440 1523 3528 resignaret

475 3546 521 3609 Et
558 3544 620 3610 sub
658 3544 718 3609 hac
763 3544 952 3611 condicione
996 3543 1164 3609 obsidibus
1203 3543 1290 3609 datis
1326 3542 1524 3610 fidelitatem

475 3646 611 3737 paganis
626 3647 758 3712 iuravit.

305 3805 394 3869 Aruer,

306 3889 330 3939 p.
342 3876 391 3927 478
403 3872 438 3933 (lt

306 3940 462 4007 Rogana
869 3933 1119 4001 Communem.

305 4010 355 4059 and
365 4009 439 4060 Mra

304 4074 460 4193 {all-³¹57&
519 4140 653 4207 Invisus
677 4160 878 4228 paganorum
905 4138 1069 4204 exercitus
1100 4136 1341 4223 Rependunam
1370 4136 1524 4201 decerem

305 4254 361 4305 'Ite
375 4254 462 4306 Danas
473 4265 578 4331 nuper
603 4243 850 4330 multiplicatus,
878 4243 915 4307 in
939 4241 1021 4305 dune
1042 4261 1077 4305 ae
1098 4244 1225 4305 turmae
1247 4238 1371 4304 divicit.
1417 4238 1522 4305 Cuius

304 4321 450 4453 ffldw,
474 4368 549 4433 pars
583 4368 750 4413 unacum
779 4366 855 4431 rege
886 4342 1039 4409 Haldene
1069 4340 1374 4408 Northumbrorum
1403 4346 1523 4429 petens

303 4454 447 4533 manvido
474 4450 640 4536 regionem
669 4448 766 4513 iuxta
795 4446 919 4512 flumen
943 4444 1026 4509 Tine
1052 4443 1223 4524 hiemavit,
1250 4449 1421 4529 totamque
1443 4464 1526 4529 pno-

303 4528 418 4639 mi?
475 4550 725 4617 vinciamillam
742 4570 801 4615 suo
817 4548 982 4615 desiderio
996 4546 1145 4625 subiecit,
1156 4546 1266 4612 Pictos
1280 4567 1368 4625 vero,
1391 4566 1526 4611 necnon

473 4658 509 4721 et
530 4652 709 4732 walenses,
731 4652 914 4718 durissimis
928 4649 1167 4716 afflictionibus
1200 4648 1374 4736 fatigavit.
1426 4646 1526 4717 Tunc

472 4754 681 4844 Eardulphue
695 4753 972 4822 Lindialarneneic
991 4754 1161 4841 episcopus
1174 4756 1211 4819 et
1230 4751 1334 4820 abbae
1348 4750 1527 4819 Mredua
