3567 5800
542 828 606 893 126
796 844 863 897 nro.
885 846 933 897 nn
955 846 1091 900 munuc.
1113 846 1204 902 sene
1227 848 1316 901 mar.

538 1032 735 1121 aliquotiens
771 1042 898 1117 ornata,
930 1043 966 1105 et
997 1040 1040 1106 ob
1077 1038 1140 1106 hoo
1172 1060 1193 1106 a
1228 1042 1345 1105 sancto
1376 1035 1571 1103 Ethelwoldo

537 1136 714 1224 increpata,
750 1138 874 1206 dieitur
912 1141 1141 1229 respondisse:
1175 1150 1194 1179 “
1220 1138 1433 1219 Iniallibile‚”
1463 1140 1570 1226 inquit

537 1238 635 1305 “Dei
656 1240 814 1307 iudioium
836 1242 907 1309 sola
928 1246 1077 1331 aperitur
1098 1244 1303 1311 eonscientia
1359 1243 1448 1309 Puto
1468 1242 1569 1329 igitur,

536 1342 625 1427 quod
646 1347 718 1409 tam
738 1350 854 1411 saneta
874 1352 911 1412 et
931 1347 1122 1434 incorrupta
1144 1368 1237 1413 mens
1257 1347 1384 1435 poterit
1406 1344 1505 1411 latere
1518 1344 1571 1409 snb

535 1444 609 1510 istis
642 1447 790 1513 vestibus
821 1448 996 1529 denuntia,
1030 1452 1116 1516 siout
1145 1450 1208 1517 sub
1241 1450 1384 1515 discisus
1415 1446 1570 1535 pellibm”

536 1542 636 1613 Hane
656 1568 736 1615 vero
758 1548 919 1616 Edithem
945 1552 1122 1639 aliquando
1147 1551 1351 1633 Dunstanuq
1375 1550 1458 1617 dum
1486 1550 1570 1617 eoole·

535 1648 618 1713 siam
650 1652 817 1737 quandam
849 1659 1062 1735 ooneeeraret,
1084 1654 1215 1721 viderat
1248 1652 1400 1741 pollicem
1429 1653 1570 1719 dextmm

410 1772 416 1785 ·
460 1778 482 1854 js
535 1750 724 1838 frequenter
752 1756 957 1842 praetendere
979 1762 1015 1823 et
1044 1756 1177 1844 signum
1205 1758 1310 1823 erneis
1339 1756 1446 1821 fronti
1471 1754 1571 1843 impri.

386 1857 403 1889 ¹¹
441 1869 497 1972 pp·
536 1875 632 1920 mere.
686 1856 825 1943 Exque
846 1859 1029 1926 deleotatus
1050 1859 1246 1927 Dunstanus
1267 1860 1342 1925 aitr
1367 1864 1386 1895 “
1402 1858 1570 1945 Nunquam

535 1962 703 2044 putrescat
735 1958 789 2025 hio
820 1960 978 2049 digitus”
1021 1963 1254 2049 Continuoque
1287 1960 1377 2028 inter
1409 1960 1569 2027 mimarum

534 2060 704 2126 sollemnia
724 2061 762 2127 in
783 2061 933 2130 laorimae
948 2066 1099 2152 prorupit
1115 2066 1327 2145 Dunstanus3
1349 2071 1384 2129 et
1406 2063 1570 2151 inquisitis

534 2183 556 2227 a
577 2162 713 2230 dinoono
735 2186 796 2230 suo
816 2188 874 2231 our
896 2167 999 2249 fleret,
1024 2169 1212 2255 respondit:
1238 2174 1258 2203 “
1274 2166 1350 2235 cito
1373 2168 1443 2232 hreo
1467 2164 1569 2232 floride

533 2286 609 2330 rosa
640 2267 843 2333 meroesoet’'
888 2269 988 2351 Quod
1021 2274 1055 2335 et
1083 2272 1135 2336 ite
1163 2270 1310 2358 mntigit
1356 2270 1447 2335 Nam
1469 2288 1570 2355 eorpus

532 2367 604 2432 eius
624 2375 699 2456 poet
719 2371 824 2457 ipsius
837 2382 977 2438 mortem
991 2374 1071 2438 dum
1092 2378 1183 2439 terra
1203 2372 1377 2450 levaretur,
1405 2376 1447 2437 ut
1469 2370 1570 2437 hones

532 2470 612 2535 tiori
648 2472 745 2537 modo
782 2495 879 2560 super
925 2476 1068 2541 eoelesiae
1113 2476 1343 2563 pavimentum
1387 2473 1568 2541 oollooatum
1699 2504 1700 2541 l

532 2572 731 2659 sepeliretur,
753 2580 921 2662 repertum
942 2581 995 2642 est
1015 2582 1126 2643 totum
1147 2577 1184 2643 in
1206 2578 1375 2664 pulverem
1388 2576 1567 2654 resolutum,

532 2679 653 2761 praeter
697 2677 841 2765 digitum
885 2680 1065 2766 praefatum
1108 2684 1144 2747 et
1188 2680 1302 2747 alvum
1339 2700 1416 2745 oum
1456 2684 1567 2745 secreto

530 2776 691 2843 interiori.
737 2778 848 2846 Huius
878 2782 928 2847 rei
961 2804 1093 2848 eausam
1126 2787 1240 2849 saneto
1274 2782 1453 2847 Dunstano
1485 2800 1568 2867 super

531 2878 592 2946 hoo
613 2881 790 2949 meditanti
811 2884 883 2971 ipsa
916 2907 975 2972 per
1008 2886 1116 2952 visum
1149 2885 1312 2973 exposuit,
1342 2884 1471 2952 dieens:
1495 2880 1568 2948 “Ne

532 2984 669 3065 mireris,
692 2985 782 3071 quod
811 2987 1001 3074 inoorrupte
1030 3011 1103 3054 eum
1132 2989 1169 3054 in
1199 2987 1409 3054 inferioribus
1439 2986 1567 3075 eorporis

531 3088 596 3152 mei
618 3089 777 3174 partibus,
798 3111 874 3155 oum
904 3091 1045 3178 orepulae
1068 3097 1102 3158 et
1131 3091 1281 3158 libidinis
1309 3113 1439 3179 semper
1462 3090 1566 3156 firerim

531 3189 714 3256 immunis'’
768 3191 820 3258 De
841 3193 909 3258 ieie
929 3194 1032 3258 etiam
1052 3200 1169 3262 saneta
1189 3193 1313 3282 legitur
1334 3194 1469 3273 Edithe,
1491 3190 1566 3280 quod

530 3292 610 3358 dum
631 3315 692 3359 rex
714 3291 835 3375 Gnuto,
859 3295 918 3381 qui
947 3317 1065 3381 perum
1096 3297 1258 3362 dilexerat
1287 3301 1417 3362 sanmos
1439 3295 1565 3384 Angla

529 3395 628 3461 semel
649 3397 687 3461 in
709 3397 851 3482 quodam
877 3398 961 3463 festo
984 3398 1193 3466 Pentecostes
1222 3399 1313 3487 apud
1334 3399 1483 3466 Wiltone
1503 3420 1566 3465 eon·

529 3497 648 3563 vivens
670 3499 843 3565 sollemneo
865 3499 1041 3566 oeohinnos
1066 3501 1103 3568 in
1129 3507 1277 3568 muctam
1303 3501 1461 3568 Editham
1475 3501 1566 3568 effun-

530 3599 632 3680 deret,
672 3623 843 3688 nunquam
882 3624 918 3669 se
956 3606 1160 3670 crediturum
1208 3605 1295 3671 dixit
1340 3605 1446 3670 filiam
1491 3603 1565 3692 regis
1698 3601 1699 3654 ἶ

531 3701 654 3789 Edgari
689 3710 836 3770 sanetum
859 3704 936 3784 fore,
971 3706 1064 3774 ouius
1102 3713 1197 3795 pater
1225 3707 1358 3774 libidini
1387 3729 1514 3795 semper
1538 3711 1567 3772 et

529 3805 702 3890 tyrannidi
725 3806 858 3874 deditus
884 3807 998 3874 tieret
1046 3809 1260 3876 Ooutmdixit
1286 3808 1439 3876 Ednotus
1471 3808 1565 3876 arehi-

530 3909 698 3995 epieoopue
717 3914 798 3975 tuno
820 3931 984 3996 pmsem3
1014 3912 1072 3998 qui
1095 3911 1210 3978 stetim
1232 3912 1417 3999 sepulerum
1439 3911 1565 4002 virginis

470 4077 478 4092 ,
529 4012 666 4098 aperuit,
690 4011 750 4076 ubi
771 4013 927 4080 defimota
949 4015 1043 4102 virgo
1066 4015 1198 4104 cingulo
1221 4020 1319 4082 tenus
1340 4035 1376 4082 se
1397 4015 1565 4102 erigensiu

529 4119 753 4181 oontumuoem
784 4137 896 4203 regem
931 4117 1094 4205 impetum
1129 4117 1235 4184 faeere
1269 4117 1343 4184 visu
1360 4123 1435 4203 xest
1501 4117 1565 4182 Hoc

527 4216 585 4282 ille
609 4223 702 4284 metu
724 4217 879 4284 turbatus
903 4219 997 4284 humi
1023 4221 1118 4308 quasi
1144 4221 1306 4286 exanimis
1329 4221 1491 4304 oouoidit;
1515 4217 1565 4286 sed

527 4320 662 4386 tandem
709 4321 880 4408 respirans,
924 4321 1020 4390 luetis
1061 4323 1204 4401 erubuit,
1241 4323 1332 4410 quod
1371 4323 1564 4412 paenitentiae

527 4428 713 4490 reservatus
734 4429 793 4490 est
