3567 5800
498 837 564 902 254
767 852 832 902 alc.
859 851 1171 902 nemausenses.
1196 850 1281 900 mer.

496 1039 597 1125 gestis
611 1039 827 1126 undecunque
842 1041 981 1108 talentis
992 1039 1165 1113 ,messuros
1180 1043 1436 1127 congregaverat
1450 1037 1547 1102 innu-

498 1163 613 1220 meros,
643 1163 823 1230 pauperum
860 1143 973 1221 oblita,
1003 1142 1124 1228 quibus
1153 1163 1222 1208 non
1258 1140 1448 1228 patiebatur
1475 1139 1550 1205 dari

497 1265 677 1324 nummum,
708 1267 750 1310 ne
773 1245 972 1312 diminueret
993 1266 1174 1313 numerum.
1236 1243 1354 1330 Itaque
1384 1241 1472 1329 qnod
1498 1242 1551 1306 iu·

497 1345 583 1412 iuste
617 1353 875 1427 coacervaverat,
915 1368 983 1412 non
1019 1347 1196 1413 inhoneste
1225 1347 1384 1425 ablatum,
1416 1351 1457 1412 ut
1478 1366 1552 1431 ege-

497 1469 613 1516 norum
644 1451 816 1537 proficeret
849 1448 1044 1537 compendio
1077 1456 1112 1516 et
1149 1451 1226 1516 fisco
1257 1449 1419 1516 sufficeret
1451 1449 1550 1535 regio.

498 1550 580 1618 Haec
613 1553 830 1622 referentibus
853 1554 917 1618 etsi
939 1552 1120 1639 plurimum
1141 1552 1225 1618 fides
1247 1551 1367 1619 debeam
1389 1551 1550 1628 adhiberi,

496 1661 644 1722 sanctam
665 1660 780 1726 tamen
813 1655 985 1722 mulierem
1015 1654 1123 1741 ipsam
1157 1659 1288 1723 constat
1319 1653 1551 1720 indubitanter

495 1756 595 1824 finisse
616 1764 652 1826 et
672 1759 843 1826 thesauros
877 1779 953 1824 snos
983 1757 1021 1824 in
1042 1763 1239 1824 ornamenta
1267 1757 1410 1824 ecclesiae
1440 1755 1548 1842 Wyn-

496 1859 598 1927 toniae
635 1867 670 1928 et
700 1862 839 1928 ahmam
877 1860 1124 1948 quamplurium
1159 1859 1389 1948 multipliciter
1426 1879 1548 1945 expen-

496 1962 588 2039 disse.
634 1962 713 2028 Rex
735 1969 847 2033 autem
870 1963 1056 2030 Edwardus
1077 1963 1236 2048 quosdam
1266 1962 1308 2028 de
1337 1961 1545 2030 Normannia

495 2065 553 2149 qui
574 2063 639 2128 sibi
662 2065 753 2151 prius
776 2070 953 2151 antequam
975 2065 1137 2132 extiterat
1169 2070 1345 2136 coronatus
1374 2065 1412 2131 in
1437 2085 1547 2151 regem

495 2166 732 2248 benefecerunt,
764 2172 804 2234 ut
835 2189 890 2235 eos
922 2189 982 2254 pro
1005 2167 1171 2235 beneficiis
1195 2168 1226 2233 ei
1248 2166 1374 2233 collatis
1396 2187 1548 2232 mmune-

328 2273 463 2350 Robemf
496 2274 592 2348 reret,
620 2270 663 2334 ad
685 2269 843 2356 Angliam
865 2270 1014 2338 vocabat
1073 2271 1168 2336 inter
1199 2292 1281 2356 quos
1303 2276 1338 2336 et
1359 2269 1455 2336 venit
1476 2269 1550 2355 qni·

329 2339 470 2470 fflffl}
496 2370 572 2435 dam
602 2373 734 2438 nomine
758 2373 923 2440 Robertus
946 2374 1134 2440 Gematious
1156 2372 1344 2451 monachus,
1368 2394 1466 2458 quem
1488 2394 1550 2436 rex

327 2473 433 2586 ppner-
495 2479 609 2558 postea
632 2474 892 2545 Londoniensem
915 2477 1069 2563 primitus
1093 2478 1291 2563 episcopum,
1319 2475 1438 2547 deinde
1460 2474 1550 2541 Oan-

362 2554 438 2668 ry'h,
496 2577 694 2643 tuariensem
731 2580 1008 2668 archiepiscopum
1031 2581 1103 2646 fieri
1125 2581 1212 2646 fecit.
1275 2580 1378 2652 Cuius
1415 2579 1552 2644 consilio

329 2617 408 2684 Kuyg

327 2685 449 2801 mg„
497 2701 557 2744 rex
593 2681 663 2766 ipse
700 2681 847 2768 simplex,
880 2685 937 2769 qui
975 2705 1136 2769 nusquam
1172 2683 1237 2747 nisi
1274 2683 1381 2748 alieno
1416 2682 1552 2748 consilio

327 2818 374 2868 eol.
388 2789 456 2868 94L’
498 2782 615 2848 ductus
636 2805 805 2870 perperam
828 2786 905 2870 egit,
929 2785 966 2849 in
988 2790 1121 2850 tantum
1143 2786 1324 2871 adquievit,
1347 2788 1388 2848 ut
1410 2790 1550 2848 matrem

328 2910 436 2961 amm
497 2891 630 2988 propter
665 2888 802 2952 nimiam
836 2888 978 2975 episcopi
1009 2887 1258 2975 Wyntoniensis
1291 2886 1550 2954 familiaritatem

327 2976 479 3109 ffimins
497 2988 591 3055 bonis
619 2990 770 3055 omnibus
802 2992 968 3076 privatam
998 2992 1035 3055 in
1065 2991 1267 3057 monasterio
1295 2992 1335 3056 de
1358 2989 1551 3056 Werewelle

327 3110 478 3162 commeant
497 3092 695 3175 detruderet,
720 3094 901 3179 Alwynum
933 3095 1035 3159 etiam
1066 3096 1250 3181 episcopum
1275 3093 1550 3179 wyntoniensem

326 3176 417 3241 bishop

326 3243 429 3309 mm
496 3195 717 3263 incarceraret
774 3196 893 3265 Emma
922 3196 1085 3283 siquidem
1115 3197 1230 3283 regina
1255 3197 1363 3263 laxius
1385 3196 1550 3261 emtodjta

496 3300 626 3386 scripsit
652 3300 808 3388 episcopis
831 3300 965 3386 anglia
993 3299 1172 3391 inquibus
1203 3298 1395 3377 confidebat,
1418 3320 1453 3364 se
1474 3298 1549 3385 plue

495 3402 537 3468 de
574 3402 721 3489 praesidis
751 3403 1001 3489 Wyntoniensis
1033 3403 1190 3469 dedecore
1227 3424 1326 3489 quam
1363 3424 1422 3467 sira
1457 3423 1550 3467 vere·

326 3517 474 3585 Thequeen
495 3506 614 3571 cundia
645 3506 812 3593 torqueri;
846 3510 1061 3592 paratamque
1094 3528 1128 3573 se
1162 3506 1227 3572 Dei
1255 3506 1393 3593 probare
1426 3504 1550 3571 iudicio

326 3588 446 3719 {225³ssss
495 3606 636 3693 ferrique
650 3608 823 3675 candentis
841 3609 1003 3689 examine,
1018 3609 1204 3695 episcopum
1219 3608 1342 3675 iniuste
1363 3608 1432 3673 fore
1452 3607 1549 3674 diffa-

327 3719 420 3770 oracul.
494 3715 630 3777 matum.
687 3710 929 3777 convenientes
959 3733 1039 3779 vero
1061 3704 1209 3798 ,episcopi
1235 3732 1345 3798 regem
1367 3710 1411 3776 ad
1431 3717 1550 3797 rogata

493 3811 672 3892 flexissent,
704 3812 769 3886 nisi
803 3813 970 3883 Robertus
1003 3814 1251 3880 Cantuariensis
1288 3812 1548 3900 archiepiscopus

325 3902 440 4020 ffl'tts·
494 3915 688 3983 obstetisset.
735 3925 753 3951 “
769 3914 869 3995 Quo,’'
896 3916 1014 4003 inquit,
1052 3924 1070 3953 “
1084 3916 1209 3997 batres,
1232 3917 1336 3981 feram
1358 3915 1449 3981 illam
1479 3938 1549 3981 non

325 4036 422 4099 speech
492 4018 649 4085 feminam
687 4018 815 4085 audetis
853 4018 1034 4098 defendere,
1066 4040 1141 4107 quas
1170 4019 1277 4085 tilium
1308 4041 1405 4090 suum
1435 4040 1547 4106 regem

494 4122 689 4203 diffamavit,
728 4144 802 4208 quae
844 4123 1005 4189 amasium
1043 4144 1139 4191 suum
1176 4122 1338 4189 lubricum
1376 4120 1548 4188 Christum

494 4224 628 4289 Domini
662 4224 869 4296 nominavitl
915 4223 981 4290 Sed
1012 4230 1104 4303 ector
1143 4223 1268 4299 femina
1298 4225 1373 4291 vult
1401 4246 1545 4311 purgare

494 4327 688 4413 pontificem
734 4327 800 4392 Sed
830 4326 905 4412 quis
928 4326 1085 4414 purgabit
1113 4348 1195 4407 eam,
1227 4348 1301 4412 quae
1325 4327 1448 4394 dicitur
1469 4348 1547 4398 oon·

489 4432 625 4497 sensisse
646 4431 683 4494 in
704 4452 816 4495 necem
838 4430 900 4493 filii
923 4430 975 4495 sui
1005 4429 1128 4495 Alfridi
1163 4435 1197 4495 et
1227 4452 1416 4517 procurasse
1444 4450 1546 4496 vene·

491 4556 573 4599 num
595 4532 781 4599 Edwardot
826 4531 892 4599 Sed
923 4537 1016 4612 esto;
1053 4533 1282 4599 auctoritatem
1308 4532 1428 4598 habeat
1442 4552 1548 4619 supra

491 4658 587 4701 sexus
602 4636 841 4709 condicionem
865 4633 894 4698 si
908 4639 1020 4699 tamen
1035 4656 1094 4721 pro
1115 4656 1149 4699 se
1171 4635 1244 4721 ipsa
1256 4640 1414 4720 quattuor
1427 4656 1546 4720 passus

492 4741 526 4801 et
548 4759 607 4822 pro
629 4738 777 4823 episcopo
800 4735 946 4822 quinque
974 4758 1090 4823 passus
1111 4736 1281 4803 continuos
1304 4758 1400 4821 super
1421 4758 1547 4801 novem
