3567 5800
525 871 589 934 204
784 882 1077 933 mensurasse.
1102 885 1190 935 aruc.
1215 884 1303 935 msr.

525 1071 710 1137 Edwardus
762 1078 796 1137 et
841 1072 1048 1137 confortatus
1105 1077 1165 1150 est,
1225 1070 1356 1157 fuitque
1407 1070 1577 1137 Dominus

525 1196 598 1239 curn
632 1196 680 1256 eo,
714 1179 749 1239 et
783 1175 895 1239 omnia
927 1174 998 1239 eius
1024 1194 1122 1259 opera
1143 1172 1318 1260 dirigebat.
1374 1173 1517 1239 Vivebat
1539 1173 1576 1237 in

523 1276 617 1341 avita
640 1278 736 1342 domo
759 1277 848 1342 inter
868 1298 990 1363 pueros
1011 1297 1101 1363 puer,
1126 1275 1283 1341 immunis
1305 1278 1420 1341 tamen
1449 1276 1493 1341 ab
1523 1275 1575 1340 his

523 1379 625 1457 vitiis,
650 1380 772 1465 quibus
794 1380 849 1444 vel
880 1384 964 1445 setas
986 1378 1045 1443 illa
1067 1378 1122 1443 vel
1155 1377 1328 1443 hominum
1350 1399 1456 1463 genus
1489 1378 1574 1442 iilud

523 1481 684 1568 implicari
717 1483 808 1548 solet.
865 1481 1000 1569 Agebat
1033 1480 1192 1567 parvulus
1226 1479 1393 1566 quendam
1429 1479 1576 1545 honestis

521 1607 560 1649 oo
590 1586 732 1650 maturis
761 1584 907 1650 moribus
941 1604 1074 1663 senem3
1112 1604 1246 1671 corpore
1278 1588 1394 1660 castus,
1426 1603 1575 1647 sermone

521 1708 624 1764 rarus,
647 1688 786 1775 simplex
801 1690 887 1764 actu,
903 1703 1006 1773 purus
1017 1685 1147 1765 affectu,
1163 1707 1229 1770 quo
1244 1684 1329 1749 mira
1342 1684 1576 1750 benevolentia

522 1789 699 1876 officiisque
735 1788 888 1879 gratiosis
922 1787 1069 1853 omnium
1116 1786 1182 1852 sibi
1220 1792 1460 1853 coaetaneorum
1498 1808 1575 1851 eon·

521 1892 649 1958 ciliaret
679 1892 842 1958 affectum.
899 1890 972 1955 Iam
1003 1894 1038 1955 et
1067 1890 1104 1955 iu
1135 1888 1193 1953 illa
1224 1895 1325 1955 aetate
1362 1888 1575 1975 frequentare

522 1994 689 2059 ecclesiam
720 1991 814 2059 dulce
847 1992 986 2073 habuit3
1024 1990 1169 2057 crebrius
1192 1988 1337 2057 orationi
1363 1990 1575 2073 incumbere;

521 2098 621 2161 sacris
642 2096 816 2161 missarum
837 2095 994 2161 interesse
1023 2093 1203 2159 sollemniis
1214 2118 1223 2173 ;
1245 2092 1422 2159 visitandis
1445 2116 1575 2159 monas-

521 2199 615 2265 teriis
637 2221 769 2285 operam
792 2199 871 2263 dare
883 2221 892 2277 ;
931 2219 1013 2283 quos
1039 2196 1218 2261 sanctiores
1249 2196 1384 2271 sciebat,
1415 2196 1478 2262 sibi
1505 2219 1574 2263 mo-

521 2303 641 2368 nachos
663 2303 701 2366 in
722 2301 903 2366 amicitiam
919 2300 1079 2386 copulare.
1126 2298 1275 2377 Quorum
1290 2298 1357 2363 duo
1373 2320 1456 2383 quos
1478 2298 1574 2363 fruni-

521 2405 645 2469 lioriori
674 2403 936 2491 amplectebatur
961 2403 1082 2467 afleau
1112 2401 1175 2487 ipsi
1205 2401 1241 2465 in
1276 2402 1433 2466 extremis
1459 2401 1573 2487 agenti

521 2506 709 2594 apparuisse
731 2506 896 2585 dicuntur,
923 2505 1009 2569 sicut
1031 2504 1067 2568 in
1089 2502 1306 2589 sequentibus
1328 2502 1544 2568 edocebimus

980 2891 1059 2957 Car.
1085 2889 1124 2957 V.

536 3066 586 3130 Dc
611 3061 742 3130 oieiorm
771 3059 978 3128 Britlccooldi
1008 3059 1157 3147 episcopi
1188 3083 1261 3146 queo
1291 3059 1323 3126 ct
1353 3067 1486 3126 ostcceec
1516 3067 1562 3127 est

786 3163 828 3230 de
846 3163 974 3250 futuro
997 3184 1100 3247 cepae
1124 3162 1302 3229 It'dcoocdi.

566 3333 751 3398 vamarr
795 3326 931 3392 interim
976 3325 1106 3412 gladius
1136 3325 1266 3392 hostilis
1313 3327 1350 3390 in
1389 3325 1571 3414 angliam

520 3433 666 3500 caedibus
692 3435 727 3496 et
756 3429 882 3516 rapinis
905 3429 1018 3494 omnia
1039 3429 1274 3514 replebantur3
1303 3428 1427 3515 ubique
1453 3429 1575 3504 luctae,

521 3536 643 3620 ubique
657 3533 787 3613 clamor,
814 3530 938 3617 ubique
954 3530 1122 3596 desolatio.
1168 3530 1397 3596 Incenduntur
1418 3531 1572 3610 ecclesian,

520 3636 719 3702 monasteria
744 3635 971 3713 devastantur,
986 3639 1030 3713 et,
1055 3639 1093 3698 ut
1122 3633 1234 3698 verbis
1256 3632 1456 3720 propheticis
1472 3633 1571 3709 utar,¹

520 3739 761 3804 “Effuderunt
785 3737 983 3823 sanguinem
1006 3740 1193 3802 sanctorum
1220 3735 1258 3800 in
1287 3735 1427 3802 circuitu
1450 3736 1576 3802 Jheru-

519 3843 632 3920 salem,
669 3848 704 3906 et
732 3861 800 3906 non
833 3844 905 3906 erat
935 3839 994 3925 qui
1027 3837 1206 3924 sepeliret”
1267 3837 1459 3924 Sacerdotes
1504 3841 1574 3906 suis

352 3954 498 4033 triduom,
519 3946 627 4033 firgati
641 3943 782 4020 sedibus,
806 3941 912 4007 sicubi
942 3962 1009 4027 pax
1035 3946 1095 4006 aut
1110 3940 1204 4026 quies
1226 3940 1339 4028 aliqua
1361 3943 1575 4008 monasteriis

352 4021 482 4136 l’ffi‘ssl'lg
519 4049 573 4113 vel
603 4047 681 4112 locis
711 4044 849 4111 desertis
886 4041 1130 4122 inveniebatur,
1164 4063 1370 4108 communem
1402 4044 1572 4110 miseriam

351 4153 480 4231 rechma
520 4151 726 4237 deplorantes
741 4146 985 4234 delitescebant.
1032 4143 1127 4210 inter
1142 4164 1224 4230 quos
1237 4144 1437 4210 venerabilis
1459 4146 1574 4212 Brith-

350 4219 481 4336 iiim
520 4253 648 4319 woldus
663 4248 915 4336 Wyntoniensis
937 4249 1106 4334 episcopus
1129 4247 1317 4312 coenobium
1342 4246 1573 4316 Glastonicnso

352 4353 460 4402 reward
519 4377 657 4422 maerens
687 4375 725 4419 oc
766 4352 872 4417 tristis
906 4351 1081 4437 ingressus,
1125 4349 1329 4415 orationibus
1358 4351 1500 4416 vacabat
1537 4362 1573 4418 et

350 4419 479 4535 ἕξω,
520 4457 659 4545 psalmis.
728 4454 793 4535 Qui
833 4475 908 4518 cum
945 4451 1122 4538 aliquando
1167 4473 1226 4538 pro
1269 4453 1364 4539 regni
1401 4453 1572 4540 plebisque

928 4779 988 4830 ¹1³5.
1001 4779 1103 4829 lxxviii.
1117 4785 1140 4828 a.
