3567 5800
519 801 583 864 262
786 815 851 864 mc
875 815 923 864 mr
944 815 1077 864 cismo.
1101 813 1191 864 senc.
1215 815 1301 866 mer.

351 1011 483 1076 Kingna
522 1024 587 1088 quo
618 1025 716 1090 supra
747 1003 883 1069 fecimus
916 1004 1125 1069 mentionem.
1171 1003 1283 1068 Huius
1314 1005 1380 1069 duo
1408 1003 1469 1068 filii
1489 1025 1576 1088 quo-

351 1079 487 1195 }'ffif
521 1127 595 1170 rum
633 1129 731 1194 supra
768 1107 985 1184 meminimus,
1025 1106 1192 1172 Haroldus
1228 1107 1385 1172 videlicet
1421 1111 1454 1171 et
1489 1106 1574 1170 Tos

352 1211 492 1262 acamra—
522 1211 595 1288 tius,
620 1232 694 1275 cum
717 1209 825 1276 adhuc
846 1211 941 1297 pueri
970 1215 1087 1289 essent,
1112 1210 1263 1275 ludentes
1297 1231 1406 1274 coram
1428 1229 1502 1295 rege
1536 1215 1575 1274 et

351 1277 497 1394 {fflihe
520 1319 614 1399 patre
648 1333 770 1392 eorum,
791 1315 897 1399 [oum]
921 1333 1006 1378 unus
1033 1334 1075 1378 ex
1097 1312 1162 1377 illis
1184 1314 1327 1378 amarius
1349 1333 1449 1398 quam
1472 1333 1575 1398 expe-

353 1411 613 1527 {splendebat
642 1417 713 1482 ludi
745 1418 901 1495 suavitas,
936 1415 1171 1480 insurrexisset
1203 1417 1241 1481 in
1272 1414 1423 1494 alterum,
1455 1414 1576 1479 ludum

377 1493 433 1528 οβ’
518 1523 691 1585 verterunt
713 1521 750 1584 in
783 1540 936 1606 pugnam.
983 1519 1029 1583 Et
1059 1539 1131 1584 ecce
1154 1517 1321 1583 Haroldus
1344 1517 1576 1584 vehementius

519 1623 554 1688 in
592 1623 727 1688 fiatrem
770 1624 897 1688 irruens
937 1622 1063 1708 capillis
1100 1621 1171 1686 eius
1215 1627 1391 1706 utramque
1435 1643 1574 1686 manum

518 1725 643 1806 inserit,
678 1731 952 1812 prostratumque,
983 1724 1049 1789 nisi
1080 1725 1178 1790 citius
1215 1724 1405 1810 eriperetur,
1443 1725 1574 1788 virtute
1667 1759 1672 1764 ·

519 1829 668 1915 superior
689 1829 884 1894 suffocasset
930 1827 1022 1892 Tunc
1043 1847 1103 1891 rex
1133 1849 1247 1892 versus
1273 1827 1317 1892 ad
1343 1828 1458 1892 ducem
1481 1827 1574 1892 (lod-

518 1932 653 2008 vinum,
687 1931 883 2008 “Nihilne''
920 1930 1039 2016 inquit,
1079 1937 1096 1964 ‘⁴
1105 1930 1205 2006 aliud,
1237 1929 1267 1994 Ο
1299 1928 1469 2006 Godvine,
1506 1931 1576 1993 nisi

518 2033 698 2119 simplicem
731 2033 768 2096 in
801 2032 853 2098 his
884 2033 937 2096 vel
976 2032 1092 2097 ludum
1128 2053 1304 2118 puerorum
1340 2033 1395 2097 vel
1425 2054 1573 2118 pugnam

519 2133 796 2223 contemplarisl'’
850 2133 895 2200 Et
933 2134 996 2212 ille,
1037 2141 1056 2168 “
1067 2135 1162 2199 Nihil
1194 2135 1294 2211 aliud,
1328 2135 1458 2200 domine
1494 2133 1575 2200 mi''

519 2237 611 2303 Tunc
634 2261 703 2317 rex,
729 2236 900 2323 “Longe''
923 2237 980 2314 ait,
1007 2238 1129 2304 “aliud
1150 2259 1224 2302 mea
1245 2258 1337 2302 mens
1360 2237 1443 2301 mihi
1463 2238 1574 2323 loqui-

519 2345 593 2417 tur3
617 2345 651 2405 et
688 2339 769 2426 quid
806 2340 856 2404 his
886 2340 1037 2405 tutulum
1073 2339 1117 2405 sit
1154 2339 1272 2426 pueris,
1307 2361 1364 2425 per
1394 2340 1453 2404 hoc
1486 2340 1574 2406 mihi

518 2443 641 2508 bellum
679 2443 852 2508 revelatur.
914 2442 1065 2508 Emensis
1098 2441 1220 2528 quippe
1257 2441 1439 2528 puerilibus
1472 2445 1573 2508 annis

518 2567 592 2610 cum
629 2545 666 2610 in
701 2547 812 2610 virum
849 2551 988 2631 uterque
1024 2545 1204 2632 profecerit,
1243 2544 1414 2631 utriusque
1455 2551 1573 2631 pectus

518 2649 675 2714 adversus
711 2649 854 2713 invicem
891 2648 978 2713 livor
1015 2648 1151 2727 aduret3
1189 2652 1224 2712 et
1254 2647 1398 2734 primum
1432 2649 1573 2713 circum-

518 2751 673 2816 ventione
696 2751 888 2836 insidiisque
918 2751 1058 2837 privatis
1088 2750 1182 2836 quasi
1212 2749 1324 2815 ludere
1345 2751 1572 2832 videbuntur3

517 2855 560 2919 ad
581 2854 738 2920 ultimum
760 2853 879 2920 fortior
909 2854 1123 2918 infirmiorem
1145 2852 1334 2940 proscribet,
1357 2853 1572 2922 rebellantem

515 2962 722 3045 prostemet3
759 2963 793 3022 et
823 2958 941 3045 prioris
972 2961 1114 3021 mortem
1144 2961 1219 3043 post
1244 2956 1409 3023 modicum
1430 2980 1573 3045 sequens

517 3062 652 3127 alterius
674 3060 844 3126 calamitas
866 3058 1044 3145 expiabit.’'
1090 3059 1172 3138 Qua
1196 3061 1308 3124 omnia
1337 3060 1385 3125 sic
1406 3063 1575 3148 complete

515 3169 588 3230 tota
610 3164 732 3250 Anglia
754 3168 838 3229 teste
861 3162 1026 3248 probetru.
1065 3161 1118 3227 De
1141 3162 1261 3248 quibus
1283 3164 1319 3227 in
1340 3163 1573 3250 subsequenti-

515 3268 585 3343 bus,
610 3290 684 3332 cum
708 3268 748 3333 de
771 3265 914 3332 Haroldi
927 3264 1087 3350 regimine
1109 3264 1247 3329 istorum
1270 3266 1411 3331 fratrum
1431 3268 1572 3336 alterius

516 3371 574 3456 qui
606 3370 771 3435 Edwardo
805 3371 1002 3433 successerat
1032 3368 1069 3431 in
1105 3389 1207 3454 regno
1238 3368 1435 3455 Anglorum,
1467 3380 1573 3456 prout

515 3474 564 3538 rei
586 3473 684 3538 series
708 3470 978 3559 expostulaverit,
1001 3468 1136 3535 uberius
1156 3471 1438 3557 pertractabimus

350 3796 416 3844 rior.
429 3791 491 3857 vig.
555 3786 808 3867 Oosrmcrno.
870 3784 1042 3867 Quomodo
1069 3784 1235 3851 Wclenacs
1257 3786 1422 3872 quosdam
1444 3788 1533 3873 repis

348 3860 476 3977 till·
828 3887 1008 3955 mantra
1026 3895 1251 3974 paenarum.

350 3994 418 4043 A.D.
433 3997 505 4043 106⁵.

348 4085 463 4165 Discub-
563 4080 733 4147 Oorvrmrr
767 4078 856 4163 quod
886 4078 955 4142 dux
985 4076 1153 4143 Haroldus
1182 4078 1219 4142 in
1249 4083 1339 4143 terra
1362 4076 1571 4147 Walensium

348 4168 460 4270 wilram
516 4205 673 4271 magnum
710 4181 886 4249 aedifioium
924 4186 1123 4257 construens,
1162 4180 1269 4245 multa
1306 4202 1381 4266 quae
1414 4183 1458 4247 ad
1495 4183 1571 4250 eius

514 4285 786 4353 restaurationem
808 4284 978 4371 pertinent
1000 4282 1061 4348 hoc
1083 4283 1193 4347 animo
1216 4282 1339 4347 ibidem
1361 4285 1501 4370 paravit,
1524 4292 1571 4351 ut

513 4412 574 4455 rex
596 4388 780 4454 Edwardus
803 4392 952 4474 tempore
973 4385 1160 4450 venationis
1182 4386 1361 4452 diverteret
1383 4388 1569 4473 spatiatum

514 4492 717 4577 aliquamdiu
744 4488 981 4556 commorando.
1037 4487 1103 4553 Sed
1127 4488 1254 4553 Oradoc
1278 4487 1438 4574 Gryffini¹
1466 4490 1570 4570 filins,

660 4654 819 4662 ,.,...-..-.-
842 4654 912 4660 ..—.
956 4652 1074 4659 --.-..-—.-
1094 4652 1134 4657 .--
1167 4650 1562 4661 ——-—.-—----—-

887 4754 893 4782 ι
916 4750 1037 4816 saffia]
1056 4748 1192 4811 rmus.
