3567 5800
405 878 452 927 nn
474 878 591 927 snsrrs
612 875 734 927 aneon
755 875 949 927 suen-w.
973 862 1046 925 2-4.
1182 861 1247 925 203

206 1068 303 1129 natus
327 1064 418 1128 natis
448 1064 632 1151 prefertur,
662 1069 698 1129 et
728 1085 826 1150 quem
859 1063 1000 1129 necdum
1030 1068 1120 1128 terra
1149 1082 1255 1127 srrsce·

208 1171 307 1253 perat,
330 1171 427 1233 terrae
449 1166 602 1233 dominus
629 1166 830 1253 designatur.
876 1166 1009 1233 Praebet
1025 1187 1085 1231 rex
1106 1164 1259 1231 electioni

209 1290 420 1348 consensum,
456 1269 528 1335 laeti
565 1272 726 1356 praestant
755 1291 906 1357 proceres
943 1272 1192 1347 sacramentum,
1224 1273 1259 1332 ct

208 1372 365 1437 inusitato
402 1371 561 1437 miracqu
596 1372 634 1437 in
665 1372 739 1437 eius
769 1370 937 1439 fidelitate
961 1371 1165 1447 iuraverunt,
1200 1370 1259 1456 qui

208 1481 317 1540 utrum
346 1478 536 1542 nasceretur
566 1474 770 1561 ignorarunt.
834 1474 906 1541 Tua
936 1478 1016 1541 sunt
1046 1472 1118 1539 haec
1151 1494 1257 1559 opera,

210 1577 336 1645 Christe
362 1577 452 1655 lesu,
476 1578 534 1664 qui
555 1578 667 1643 omnia
689 1577 833 1664 operaris
854 1577 891 1643 in
915 1576 1077 1653 omnibus,
1101 1576 1159 1662 qui
1178 1574 1258 1641 eleo-

208 1686 278 1745 tum
300 1685 334 1747 et
348 1680 506 1745 dilectum
531 1679 596 1747 tibi
618 1684 697 1745 ante
720 1679 995 1747 constitutionem
1017 1677 1134 1745 mundi
1152 1678 1258 1764 plebis

209 1788 274 1848 tuae
295 1786 456 1849 rectorem
479 1781 531 1847 his
561 1782 693 1847 indiciis
724 1782 919 1861 declarasti3
952 1802 1058 1867 quem,
1092 1780 1170 1846 lieet
1200 1802 1258 1866 per

209 1884 291 1965 illos,
306 1906 376 1950 non
390 1889 504 1951 tamen
519 1884 578 1963 illi,
594 1886 652 1950 sed
671 1884 722 1951 Tu
740 1884 853 1970 potins
876 1884 1013 1971 elegisti
1064 1882 1147 1963 Quis
1169 1884 1258 1949 enim

209 2009 273 2052 non
294 1987 416 2063 videat,
440 2008 501 2053 nec
530 1992 648 2074 aptum
678 1988 762 2065 usui,
792 2009 854 2053 nec
881 1988 1082 2053 conveniens
1107 1987 1257 2073 tempori,

210 2111 266 2155 nec
290 2111 467 2155 consonum
493 2089 625 2168 rationi,
648 2111 709 2156 nec
737 2089 909 2155 ferendum
940 2088 1039 2155 fuisse
1070 2089 1190 2165 sensui,
1220 2094 1259 2155 ut

210 2192 334 2257 omissis
357 2192 435 2257 filiis
457 2192 617 2285 legitimis
642 2197 678 2258 et
700 2192 832 2273 adultis,
857 2190 972 2257 hostili
1005 2190 1117 2278 gladio
1151 2191 1258 2255 immi-

210 2301 313 2375 nente,
329 2294 487 2381 parvulus
504 2295 645 2361 necdum
663 2300 764 2361 natus
780 2295 959 2383 eligeretur
973 2294 1010 2359 in
1024 2316 1144 2381 regem,
1161 2316 1258 2380 quem

211 2398 245 2462 in
274 2397 336 2463 tali
366 2397 564 2463 necessitate
594 2419 655 2463 nec
693 2397 804 2463 hostes
837 2402 1034 2477 metuerent,
1072 2418 1132 2463 nec
1170 2398 1259 2463 cives

211 2504 457 2565 revererentur?
517 2500 584 2567 Sed
615 2500 834 2587 Omnipotens
866 2500 957 2565 Deus
994 2500 1152 2587 spiritum
1186 2523 1260 2587 pro·

211 2603 327 2688 phetiae
349 2603 423 2668 voci
448 2603 547 2668 simul
573 2607 608 2668 et
635 2603 768 2669 affectui
792 2603 897 2691 plebis
921 2602 1055 2679 infudit,
1083 2605 1260 2691 praesentia

212 2704 292 2769 mala
320 2727 378 2791 spe
406 2704 528 2770 futurae
562 2704 795 2770 consolationis
831 2709 1027 2793 temperans,
1060 2709 1099 2769 ut
1138 2706 1260 2771 scirent

215 2829 316 2873 omnes
346 2809 382 2872 in
413 2808 518 2873 totius
544 2810 639 2895 regni
672 2808 932 2874 consolationem
962 2830 1072 2894 regem
1103 2807 1260 2886 futurum,

214 2933 303 2997 quem
325 2912 459 2999 abipso
483 2912 563 2994 Deo,
587 2913 683 3000 plebe
705 2911 872 2979 nesciente
895 2912 977 2999 quid
996 2911 1117 2993 fecerit,
1143 2912 1254 2976 nullus

216 3013 373 3082 dubitaret
394 3016 544 3082 electum.

647 3402 726 3468 Gur.
745 3401 803 3470 IV.
1265 3411 1361 3464 Αιιιι.

1266 3480 1312 3530 col.
1326 3483 1383 3532 373.

269 3581 362 3664 Quod
382 3589 494 3648 sacac
516 3589 545 3648 ct
570 3580 725 3668 relipiosc
748 3579 874 3648 aaut
897 3579 940 3647 iu
964 3579 1197 3648 Noruncauia

254 3759 370 3826 Nisus
399 3760 513 3847 itaque
550 3781 633 3847 puer
661 3760 779 3826 beatus
813 3761 896 3826 sacri
929 3761 1141 3849 baptismatis
1163 3763 1254 3828 unda

206 3862 420 3944 perfimditur,
467 3867 501 3927 et
545 3885 636 3928 sacro
673 3869 852 3950 perunctus
898 3863 1073 3930 chrismate
1120 3864 1254 3931 Christo

212 3962 333 4046 plenius
355 3965 608 4084 incorporatum
643 3965 845 4052 effectusque
876 3965 1022 4054 Spiritus
1054 3945 1169 4032 Sancti
1142 3969 1255 4034 t-do

217 4063 373 4146 micilium,
408 4069 445 4132 in
477 4069 548 4133 eius
594 4068 770 4155 disciplina
803 4069 963 4133 nutritur.
1043 4069 1254 4136 Irruentibus

217 4167 306 4251 paulo
334 4174 409 4257 post
446 4170 483 4234 in
526 4171 685 4259 Angliam
723 4171 883 4250 barbaris,
923 4170 1024 4237 etiam
1073 4173 1253 4238 maximam

216 4267 324 4337 insulae
336 4273 521 4360 portionem
545 4273 633 4340 caede
655 4274 872 4360 incendioque
893 4277 1013 4338 vestan
1015 4273 1112 4356 tibus,
1136 4275 1355 4402 Emmanln
1294 4304 1393 4408 neaprt

218 4373 323 4456 regina
359 4397 433 4441 cum
464 4375 594 4441 filiis
584 4399 621 4441 m
668 4377 914 4442 Normanniam
945 4377 1182 4464 transponitur,
1213 4355 1315 4471 utfiffi

215 4493 273 4537 rex
293 4477 379 4560 gravi
406 4480 533 4544 sarcina
563 4479 794 4545 sollicitudinis
817 4479 989 4558 liberatus,
1021 4483 1116 4545 tanto
1152 4481 1252 4548 auda·
1265 4429 1376 4605 lain}
1346 4492 1413 4607 2de

217 4575 283 4639 cius
309 4577 416 4646 hostes
438 4581 492 4648 vel
528 4582 734 4668 propelleret,
770 4582 826 4648 vel
855 4581 1029 4669 exciperet,
1063 4590 1189 4668 quanto
1212 4556 1354 4677 desosssh

217 4699 313 4744 uxore
362 4684 461 4748 simul
498 4684 640 4770 filiisque
676 4707 809 4750 securus
850 4684 936 4749 nihil
969 4685 1015 4750 eis
1049 4685 1179 4752 adversi
1212 4711 1253 4754 ex

218 4779 403 4870 cuiusquam
441 4788 628 4873 proditione
666 4788 809 4853 timeret.
872 4787 987 4853 Crevit
1027 4794 1138 4854 autem
1177 4813 1256 4878 puer
