3567 5800
505 784 569 846 136
766 798 831 847 rue.
856 800 904 846 os
926 800 1058 851 crunno.
1083 800 1170 851 arse.
1194 802 1280 851 msr.

334 1002 420 1053 Danu
506 982 657 1059 deberet3
695 984 861 1053 decretum
899 994 949 1054 eat
985 1010 1006 1053 a
1039 988 1162 1066 Siricio,
1201 986 1439 1075 archiepiscopo
1476 992 1553 1072 post

334 1070 460 1187 ww
508 1086 719 1153 Duustenum
748 1092 898 1169 secunde,
923 1092 1022 1157 stab
1053 1092 1127 1157 aliis
1158 1090 1237 1157 viris
1263 1089 1490 1177 prudentibus,
1514 1095 1554 1154 ut
1647 1174 1652 1185 ι

507 1190 596 1254 Dani
632 1190 749 1277 piratae
785 1194 1021 1281 repellerentur
1057 1201 1203 1283 argento,
1239 1195 1297 1279 qui
1336 1194 1429 1280 [non]
1460 1198 1554 1279 pote-

505 1300 581 1360 rant
613 1297 708 1361 ferro.
754 1297 873 1384 Itaque
904 1300 1014 1363 decem
1045 1299 1137 1362 milia
1172 1298 1329 1363 librarum
1360 1298 1468 1362 soluta
1501 1318 1555 1361 cu-

505 1397 678 1483 piditatem
719 1400 890 1465 Dacorum
936 1403 1164 1487 expleverunt.
1223 1402 1251 1466 Ο
1285 1401 1471 1488 exemplum
1504 1398 1557 1463 in-

505 1502 613 1567 famiae
636 1508 671 1568 et
692 1504 773 1569 viris
795 1505 988 1591 indignum!
1012 1505 1201 1571 libertatem
1223 1504 1361 1591 pecunia
1386 1504 1554 1581 redimere,

507 1628 605 1691 quam
627 1606 670 1671 ab
692 1608 816 1674 invicto
839 1609 949 1673 animo
970 1609 1063 1672 nulla
1085 1608 1245 1674 violentia
1266 1609 1369 1694 possit
1392 1612 1554 1673 excutere.

508 1709 553 1773 Et
593 1714 673 1775 tune
708 1711 872 1797 paulisper
911 1712 952 1776 ab
991 1712 1179 1777 excursibus
1211 1711 1300 1776 Dani
1338 1714 1557 1775 cessaverunt.

509 1812 581 1889 Sed,
613 1817 652 1877 ut
681 1814 853 1900 prophetia
882 1814 990 1878 sancti
1028 1813 1196 1879 Dunstani
1234 1813 1433 1900 impleretur,
1466 1812 1557 1877 Dani
1620 1882 1624 1889 ,

508 1914 629 1979 itemm
659 1915 878 2001 irrumpentes
917 1915 1094 2001 direptioni
1125 1922 1159 1982 et
1190 1916 1423 2002 depraedationi
1460 1937 1556 1979 vacat-

508 2017 598 2082 bant.
643 2016 742 2083 Unde
772 2024 893 2083 tantus·
917 2018 1020 2083 timor
1049 2018 1176 2105 Anglos
1206 2019 1380 2093 invaserat,
1411 2022 1451 2082 ut
1473 2016 1558 2081 nihil
1597 2012 1601 2017 ’

509 2119 550 2183 de
579 2120 758 2185 resistendo
780 2122 970 2208 cogitarent
1018 2122 1054 2186 Si
1076 2122 1134 2207 qui
1156 2116 1234 2187 sone
1260 2122 1406 2207 antiquae
1429 2119 1558 2185 militiae

508 2236 547 2286 ac
578 2223 820 2307 praeteritarum
857 2224 1070 2289 victoriarum
1106 2246 1265 2291 memores
1302 2247 1370 2311 prae
1407 2228 1558 2309 respectu

509 2323 661 2390 militaris
691 2326 804 2412 gloriae
833 2327 1015 2413 priscorum
1045 2350 1159 2414 regum
1196 2327 1399 2413 temporibus
1430 2347 1558 2412 praeop-

510 2432 613 2492 tentae
650 2427 745 2515 signa
782 2429 933 2517 colligere
972 2429 1190 2516 temptabant,
1226 2429 1370 2495 hostium
1407 2428 1561 2493 multitu·

512 2530 588 2594 dine
618 2536 652 2594 et
682 2531 841 2596 sociorum
872 2532 980 2597 defeot
981 2532 1056 2597 ione
1085 2533 1220 2597 fuerunt
1250 2532 1381 2597 devicti
1442 2531 1559 2595 Defec-

512 2634 612 2699 tionis
649 2635 784 2722 signifer
813 2659 850 2702 ac
883 2637 1080 2723 perfidiae
1071 2660 1105 2702 ιιι
1143 2638 1229 2703 cives
1276 2638 1384 2703 fuerat
1422 2636 1561 2721 quidam

342 2732 484 2851 Ίζθῇθὲθῐι
514 2736 661 2815 Elfricus
693 2738 873 2825 proditioni
915 2739 1083 2805 deditus
1073 2762 1109 2804 m
1147 2740 1305 2817 concives,
1343 2760 1439 2828 quem
1472 2738 1561 2824 [rex]

342 2818 358 2851 ⁰
512 2840 698 2927 prefecerat
729 2843 870 2908 navibus
900 2844 1113 2930 congregatis.
1175 2843 1240 2910 Hic
1277 2843 1426 2930 proditor
1460 2841 1561 2906 Elfri-

510 2966 576 3024 cus,
606 2965 680 3010 cum
710 2947 822 3011 navali
852 2946 1032 3012 certamine
1061 2947 1228 3013 fortunam
1259 2947 1401 3036 experiri
1432 2945 1563 3012 debuis-

509 3052 568 3128 set,
599 3055 694 3114 nocte
730 3049 817 3114 diem
854 3071 974 3135 pugnae
1018 3049 1222 3136 praecedente
1259 3051 1302 3116 ab
1338 3050 1391 3114 his
1439 3048 1563 3136 quibus

509 3149 685 3235 praefuerat
722 3151 894 3238 transfuga
930 3151 1007 3216 vilis
1047 3151 1090 3218 ad
1127 3152 1236 3218 hostes
1275 3151 1431 3228 discessit,
1468 3153 1564 3238 prius

508 3275 567 3338 per
580 3254 717 3319 nuntios
739 3255 882 3320 monitos
913 3255 993 3341 quid
1015 3259 1177 3321 caverent.
1224 3257 1297 3322 Rex
1319 3257 1428 3343 igitur.
1445 3256 1563 3321 Ethel-

509 3358 614 3432 redus‚
639 3357 770 3444 cognita
792 3356 908 3421 Elfrici
936 3357 1113 3445 proditoris
1146 3359 1292 3446 perfidia,
1317 3361 1421 3426 filium
1457 3361 1565 3446 ipsius

512 3458 627 3524 Elfrici
649 3459 790 3525 iusserat
811 3459 975 3526 excecari.

624 3791 873 3857 Cornnosmo.
920 3789 971 3857 Da
993 3798 1106 3858 morte
1119 3792 1232 3860 saucit
1254 3791 1446 3862 Donatoot.

345 4010 471 4060 Dauos
558 3980 663 4046 Anao
709 3979 844 4045 Domini
881 3977 1166 4066 noningentesimo
1203 3985 1399 4071 octogesimo
1442 3987 1565 4048 octavo

345 4077 479 4194 {unmfflg
514 4082 724 4148 beatissimus
745 4081 908 4148 confessor
931 4078 1116 4148 Dominiet
1102 4081 1341 4171 tarchipraesul
1364 4087 1566 4150 Dunstanus

514 4186 689 4252 laudabilis
711 4186 791 4252 vitae
814 4205 944 4251 cursum
966 4183 1053 4248 felici
1076 4187 1171 4252 exitu
1193 4189 1396 4270 terminavit,
1424 4193 1564 4274 quarto-

345 4315 414 4366 June
428 4318 467 4363 η,
514 4287 639 4353 decimo
661 4288 819 4352 kalendas
842 4287 930 4351 Iulii.
990 4284 1094 4353 Cuius
1127 4289 1358 4356 miraculorum
1390 4291 1537 4378 gloria
1527 4315 1566 4356 ιιι

513 4395 607 4456 utero
629 4390 836 4456 matrissuae
859 4387 1032 4453 exordium
1056 4389 1208 4458 habuisse
1232 4393 1361 4480 legitur.
1406 4393 1565 4479 Denique

346 4501 428 4550 Omen
439 4500 469 4550 of
513 4492 701 4558 sanctitatis
735 4492 804 4557 eius
838 4493 959 4557 futurae
994 4512 1104 4558 rerum
1136 4494 1265 4560 Auctor
1298 4495 1388 4560 Deus
1418 4495 1567 4562 iooimdo

345 4566 479 4697 ἒζαξῑξῐθ
418 4648 482 4683 neu
514 4595 661 4682 prodjgio
684 4595 898 4681 praeveniens,
922 4599 1023 4664 matri
1057 4597 1314 4664 Duustenum
1305 4619 1340 4662 ιιι
1364 4603 1457 4664 utero
1488 4621 1569 4684 ges·

514 4697 610 4776 tanti,
633 4696 721 4762 filius
743 4697 973 4766 nondumt
913 4705 973 4766 nat
975 4723 1013 4767 us
1037 4701 1117 4788 quid
1140 4705 1225 4768 esset
1239 4701 1377 4778 futurus,
1402 4701 1570 4770 ostendit.
