3567 5800
447 872 495 919 nn
515 868 635 918 omnm
657 864 780 917 nusum
803 862 1002 916 Auen-m.
1027 850 1056 912 2.

299 1194 552 1262 Oourmusno
599 1193 653 1259 De
680 1188 916 1261 Woaaeonea
938 1186 1207 1279 depopulatione.

277 1394 480 1463 simonos
517 1416 721 1483 paganorum
751 1393 819 1480 qui-
839 1392 876 1459 in
908 1392 1040 1461 Exonia
1078 1392 1283 1460 hiemaverat
1295 1382 1453 1503 RQ&

231 1502 348 1569 urbem
374 1502 534 1581 deserens,
563 1500 793 1592 Ohippenbsm
815 1499 930 1567 villam
954 1500 1079 1591 regiam
1104 1500 1141 1565 in
1163 1498 1415 1597 wilte-eringio

232 1604 338 1672 subire
367 1604 465 1671 sitam
496 1602 582 1671 adiit
611 1610 645 1670 et
673 1602 797 1670 ibidem
834 1602 1004 1669 hiemavit.
1051 1600 1153 1669 Porro
1188 1600 1283 1667 Gitro
1296 1586 1422 1712 ffll‘n'

232 1730 296 1773 rex
325 1708 495 1774 Danorum
526 1728 600 1773 eum
630 1706 826 1772 fortitudine
859 1704 1048 1772 invincibili
1077 1703 1284 1793 perlustratis
1297 1722 1423 1771 demate

233 1811 303 1875 iam
332 1810 494 1877 univesa
530 1808 663 1897 Anguae
693 1808 824 1889 finem,
862 1807 934 1875 1002
970 1828 1063 1873 aaa
1100 1806 1286 1893 ubieunque
1299 1786 1413 1839 ww

235 1913 447 2001 depopulans,
483 1911 641 1999 quioquid
676 1913 712 1977 in
750 1932 832 1977 auro
869 1910 924 1976 vel
960 1914 1096 2000 argento
1141 1912 1288 1999 repetere

235 2015 350 2103 potnit
386 2014 548 2081 militibus
578 2014 736 2103 erogavit.
796 2011 945 2079 Tandem
974 2034 1049 2079 oum
1078 2010 1167 2077 fama
1202 2008 1289 2101 regis

237 2118 368 2185 Alfredi
405 2117 476 2183 sive
506 2117 645 2183 Aluredi
675 2116 879 2204 pervenisset
909 2116 952 2181 ud
982 2137 1066 2199 eum,
1105 2114 1194 2203 quod
1219 2115 1289 2203 ipse

234 2220 324 2285 solus
352 2221 390 2285 in
419 2242 522 2307 regno
552 2220 685 2307 Angliee
715 2241 783 2307 praa
810 2217 927 2285 eeteris
953 2219 1085 2307 regibus
1117 2216 1287 2306 sapientia,

237 2322 425 2409 prudentia,
442 2328 477 2388 et
502 2322 633 2387 divitiis
663 2323 877 2409 praepolleret‚
905 2321 1060 2409 profanus
1085 2321 1140 2387 ille
1165 2317 1207 2387 ad
1230 2343 1289 2385 na-

237 2425 348 2492 tiones
370 2425 446 2491 illas
469 2426 593 2491 vexilla
619 2424 744 2490 direxit
766 2430 802 2491 et
823 2448 923 2503 arma,
947 2425 1058 2513 ignem
1084 2426 1120 2489 in
1143 2424 1233 2490 villis
1255 2429 1289 2489 et

238 2526 433 2593 civitatibus
459 2526 702 2606 accumulando,
729 2526 815 2592 ferro
840 2548 980 2614 quaeque
1009 2528 1074 2593 sibi
1100 2527 1200 2593 obvia
1222 2548 1290 2591 ma·

240 2630 390 2710 oernndo,
418 2634 452 2696 et
476 2636 518 2697 ut
540 2631 698 2697 maiorem
723 2628 968 2697 habitatoribus
992 2630 1155 2697 incuteret
1178 2630 1290 2695 formi-

240 2732 376 2815 dinem¹,
405 2756 473 2799 non
503 2734 597 2800 sexui
627 2732 762 2819 quidem
791 2733 947 2799 muliebri
978 2756 1038 2799 neo
1074 2732 1290 2822 parvulorum

240 2841 389 2924 parueret
415 2836 515 2903 aetati.
562 2836 670 2902 Auxit
695 2840 808 2903 autom
829 2835 928 2902 buius
950 2836 1192 2924 persequtionis
1217 2856 1291 2924 pro

240 2940 356 3006 uellam
379 2939 538 3024 iniquitas
559 2937 755 3005 detestanda
785 2939 954 3026 Hynguar
975 2944 1011 3005 et
1033 2939 1195 3021 Holdene,
1231 2939 1289 3026 qui
1302 2968 1329 3019 A
1330 2985 1390 3032 flflflflfl

242 3063 318 3108 oum
346 3042 469 3129 viginti
497 3040 605 3107 tribus
638 3041 779 3111 navibus
807 3062 852 3108 ex
881 3042 1053 3108 Demetiee
1081 3044 1223 3130 regione,
1253 3036 1448 3106 ints-12⁸⁷&

242 3165 310 3232 qua
337 3145 573 3225 hiemaverant,
604 3145 727 3232 egressi
751 3150 792 3210 ut
813 3145 883 3231 lupi
913 3165 1044 3232 rapaoes
1069 3151 1145 3232 post
1167 3144 1290 3209 multas
1302 3103 1428 3236 lif&

240 3248 368 3314 ibidem
393 3253 519 3335 strages
542 3247 662 3328 illatus,
691 3252 768 3336 post
793 3248 1015 3314 ooenobiorum
1042 3247 1281 3314 oombustiones
1302 3238 1352 3287 Μ

437 3350 444 3364 ,
600 3350 608 3364 ‚
908 3350 916 3366 ‚
1242 3349 1249 3364 ,
1282 3299 1417 3356 ’Haldene

242 3350 287 3416 ad
316 3350 502 3415 Devemam
530 3354 742 3437 navigarunt.
802 3351 877 3431 Quo
906 3371 943 3415 m
972 3351 1043 3416 loeo
1072 3351 1115 3416 ab
1145 3354 1395 3421 exeratuinvaue

243 3454 335 3542 regio
357 3451 488 3518 Alfredi
509 3451 579 3520 sive
600 3453 741 3518 Aluredi
762 3453 852 3519 idem
879 3453 1046 3540 Hynguar
1068 3475 1142 3520 oum
1165 3439 1405 3554 Hubbaffissssn‘

244 3563 279 3623 et
302 3555 456 3621 Haldene
477 3558 512 3620 et
533 3554 616 3619 viris
637 3553 728 3619 mille
752 3554 903 3620 dueentis
926 3557 1088 3644 perempti
1110 3562 1190 3623 sunt
1215 3561 1292 3622 ante
1373 3543 1379 3555 ’

244 3679 354 3725 ateem
369 3655 571 3744 Kynwyoh‚⁹
583 3655 697 3744 ibique
715 3658 910 3746 sangninem
931 3660 1023 3726 boeti
1043 3660 1130 3750 regie
1152 3665 1186 3726 et
1208 3683 1293 3726 mar-
1305 3653 1434 3704 Batneos.

245 3761 332 3848 tyris
362 3759 540 3841 Edmundi,
571 3780 670 3846 quem
700 3760 890 3828 effuderunt
920 3763 1071 3850 praedicti
1107 3721 1450 3850 iniquitatisKynwlch'

245 3863 400 3942 ministri,
425 3863 608 3930 Christiani
635 3861 763 3929 sifredi
793 3863 863 3930 sive
889 3865 1030 3934 Aluredi
1058 3867 1145 3954 regis
1172 3867 1296 3934 :milites

246 3967 467 4033 vindiosrunt
536 3965 603 4032 Sed
643 3971 756 4032 tamen
792 3965 940 4032 maxime
976 3989 1052 4054 pars
1090 3990 1202 4036 eorum
1238 3991 1298 4058 per

245 4069 360 4155 fugam
386 4069 489 4156 elapsi
515 4069 558 4134 sd
583 4068 729 4155 Gytrum
752 4090 863 4157 regem
891 4091 1059 4157 paganum
1088 4093 1157 4138 sese
1182 4077 1293 4138 eontu-

246 4172 367 4238 lerunt
424 4171 490 4252 Qui
519 4171 618 4238 simul
643 4172 766 4237 innotis
790 4172 919 4238 viribus
949 4173 1136 4260 oonglobati
1166 4197 1295 4242 omnem

247 4273 513 4340 westsaxoniam
535 4295 556 4340 e
580 4275 665 4340 mari
690 4296 793 4361 usque
818 4275 862 4340 ad
887 4297 978 4340 mare
1001 4275 1236 4363 depopulantes
1262 4285 1297 4346 et

246 4381 372 4442 terram
394 4376 489 4442 illam
512 4377 608 4464 quasi
633 4376 769 4444 looustoe
794 4377 987 4465 operientes,
1010 4379 1154 4465 patriam
1179 4385 1295 4463 totam,

285 4710 291 4740 ¹
297 4709 468 4778 formidinem]
480 4709 658 4773 fortitudini,
668 4711 725 4765 MS.
832 4710 993 4846 ’Kppgyoffl
1017 4713 1152 4784 Kynuyeh
1176 4721 1297 4785 perempti

799 4801 864 4857 suna
927 4832 933 4846 .
