3567 5800
397 874 403 883 ·
491 858 537 905 nn
560 856 674 905 cesrrs
695 856 817 906 usuum
838 842 1082 906 sucu.--111.3.
1256 838 1296 901 35

250 1044 324 1123 mei,
348 1045 407 1131 qui
431 1065 590 1131 proavum
614 1065 725 1110 meum
757 1044 941 1130 liberosque
972 1042 1075 1131 ipsius
1097 1042 1134 1105 in
1161 1060 1298 1127 regnum

250 1166 347 1211 suum
356 1146 530 1233 adoptivos
536 1148 670 1213 heredes
679 1147 878 1227 instituerat,
891 1146 1050 1233 accepisse
1060 1144 1097 1209 in
1108 1164 1209 1209 manu
1226 1162 1298 1206 mes

250 1249 285 1308 et
300 1242 488 1310 defensione
503 1248 613 1311 totum
634 1244 791 1311 honorem
806 1245 947 1311 ecclesiae
963 1245 1067 1309 sancti
1083 1242 1174 1309 Petri
1189 1239 1298 1306 west-

250 1347 449 1426 monasterii,
480 1348 517 1412 in
545 1370 612 1434 qua
633 1348 765 1414 ecclesie
793 1369 854 1434 ego
876 1346 947 1413 oleo
973 1351 1095 1413 sanctae
1125 1343 1297 1421 unctionis,

249 1448 336 1516 sicut
358 1455 395 1518 et
417 1450 518 1517 ceteri
541 1456 620 1515 ante
641 1472 693 1517 me
716 1471 818 1538 reges,
839 1448 888 1514 fui
914 1454 1113 1536 perunctus3
1152 1446 1230 1533 quia
1244 1447 1299 1511 ille

247 1551 338 1617 locus
368 1552 552 1638 antiquitus
589 1574 703 1640 regum
741 1552 993 1619 consecrationis
1033 1550 1132 1617 fuisse
1165 1572 1299 1637 cognos-

250 1656 356 1721 citur?

297 1758 407 1825 “Hoc
436 1758 538 1825 etiam
559 1764 654 1847 patet
683 1780 726 1824 ex
755 1763 846 1825 carta
869 1758 1003 1824 Ricardi
1025 1759 1133 1845 primi,
1163 1760 1200 1825 in
1231 1778 1297 1845 qua
1311 1772 1457 1825 charmes

251 1860 366 1927 taliter
379 1862 569 1927 continetur
582 1872 645 1926 :-‘
650 1860 770 1928 Sciatis
782 1882 845 1927 nos
859 1884 920 1948 pro
939 1861 1163 1948 redemptione
1177 1862 1297 1929 enimse
1309 1840 1364 1891 Μ’
1376 1840 1397 1890 Ῑ·

250 1970 375 2032 nostrae
405 1970 441 2030 et
468 1964 575 2051 patris
604 1970 638 2029 et
667 1963 784 2030 matris
812 1971 935 2031 nostrae
965 1986 1091 2031 necnon
1121 1970 1156 2031 et
1184 1966 1298 2052 proavi

251 2067 358 2133 nostri
380 2068 468 2153 regis
493 2066 631 2133 Henrici
657 2071 692 2133 et
714 2067 822 2133 beatoe
844 2067 1011 2134 memoriae
1033 2068 1119 2155 regis
1142 2067 1301 2135 Edwardi

252 2171 387 2257 cognati
402 2169 516 2247 nostri,
531 2170 589 2256 qui
614 2168 759 2235 abavum
780 2173 931 2235 nostrum
953 2170 1137 2257 liberosque
1154 2170 1244 2235 illius
1266 2172 1302 2235 in

251 2292 393 2357 regnum
425 2293 522 2339 suum
547 2270 721 2357 adoptivos
746 2271 881 2338 heredes
910 2272 1112 2351 instituerat,
1143 2273 1303 2361 accepisse

252 2374 290 2438 in
312 2396 415 2440 manu
435 2379 550 2439 nostra
575 2378 610 2439 ct
632 2373 819 2439 defensione
849 2378 960 2441 totum
984 2375 1139 2443 honorem
1163 2378 1304 2443 ecclesiae

253 2475 359 2544 sancti
384 2476 475 2542 Petri
500 2475 794 2558 westmonasterii,
832 2477 869 2542 in
891 2500 958 2564 qua
987 2479 1121 2545 eeclesia
1152 2500 1212 2546 nos
1235 2480 1305 2545 oleo

258 2584 384 2646 sauma
398 2578 571 2657 unctionis,
587 2579 674 2644 sicut
696 2582 731 2644 et
755 2581 855 2646 ceteri
870 2586 947 2647 ante
962 2602 1021 2647 nos
1041 2602 1140 2670 reges,
1156 2584 1307 2669 peruncti

251 2682 377 2747 fluimus
390 2707 399 2761 ;
433 2682 513 2768 quia
526 2681 583 2746 ille
596 2682 686 2748 locus
699 2682 887 2770 antiquitus
914 2706 1029 2771 regum
1054 2685 1303 2753 consecrationis

255 2784 359 2850 fuisse
380 2783 606 2871 cognoscitur!

299 2887 407 2954 “Hoc
428 2886 530 2954 ctiam
558 2891 654 2975 patet
676 2909 719 2954 ex
736 2888 888 2975 'quadam
911 2890 1002 2956 bulla
1024 2891 1177 2961 Nicholsi
1207 2915 1301 2982 papae
1313 2909 1374 2962 Bru
1384 2911 1415 2962 of

253 2991 396 3073 secundi,
413 2991 539 3056 directa
564 2989 705 3078 glorioso
727 2993 798 3080 regi
820 2993 987 3060 Edwardc
1009 3002 1043 3062 et
1060 2997 1243 3080 confessori,
1265 2998 1301 3062 in
1314 2993 1435 3096 mol„

253 3111 322 3176 qua
333 3088 450 3155 taliter
463 3087 652 3155 continetur
664 3097 729 3154 :-‘
739 3089 796 3154 Illi
810 3091 880 3156 loco
896 3091 1187 3177 westmonasterii,
1204 3116 1302 3182 quem
1315 3111 1349 3161 11.

253 3192 316 3257 sub
339 3191 473 3258 nomine
496 3190 697 3277 penitentiae
727 3194 983 3269 construendum
1005 3200 1040 3261 et
1062 3197 1301 3264 meliorandum
1314 3178 1454 3308 ξζξέῗρῑι

253 3293 435 3380 suscepisti,
459 3293 624 3378 quoniam,
645 3298 685 3358 ut
708 3293 820 3373 fertur,
845 3295 985 3383 primam
1016 3300 1202 3387 antiquitus
1228 3323 1302 3367 con-
1315 3309 1377 3362 cod

253 3397 471 3462 secretionem
493 3417 514 3460 a
535 3395 634 3460 beato
656 3395 756 3462 Petro
779 3399 912 3485 aceepit,
937 3400 1037 3480 cuius,
1060 3403 1138 3470 licet
1163 3405 1299 3492 indigni,
1314 3377 1424 3506 3¹92?ss

253 3499 372 3564 vicarii
392 3519 513 3576 sumus,
537 3503 573 3563 et
594 3499 672 3584 quia
693 3498 786 3586 regia
815 3502 1001 3588 antiquitus
1023 3507 1115 3574 sedes
1145 3514 1215 3591 est3
1260 3533 1303 3576 ex
1316 3511 1441 3574 Dugusle,

254 3601 454 3667 auctoritate
480 3599 545 3666 Dei
571 3605 606 3667 et
630 3605 818 3668 sanctorum
843 3608 1064 3692 apostolorum
1086 3616 1185 3698 atque
1208 3611 1306 3678 huius
1318 3593 1341 3642 μ’
1353 3581 1436 3628 ²⁹⁶⁸*

256 3703 417 3771 Romanae
428 3702 515 3771 sedis
530 3708 565 3769 et
578 3708 693 3770 nostru
706 3707 920 3791 concedimus,
932 3712 1164 3796 permittimus,
1180 3720 1216 3781 et
1232 3715 1308 3782 soli-

257 3805 392 3872 dissime
421 3807 660 3885 ccnfirmamus,
691 3814 732 3874 ut
760 3810 902 3896 amplius
930 3813 968 3878 in
990 3823 1185 3902 perpetuum
1209 3820 1308 3907 regiae

256 3908 503 3975 constitutionis
529 3914 564 3974 et
588 3911 840 3978 consecrationis
866 3913 955 3981 locus
985 3918 1038 3997 sit,
1060 3926 1161 4006 atque
1187 3923 1309 4008 reposi-

256 4012 383 4076 torium
428 4011 588 4097 regalium
639 4012 828 4100 insignium,
866 4021 902 4082 et
949 4017 1112 4088 habitatio
1149 4030 1309 4111 perpetua

255 4113 514 4179 monachorum!

256 4310 259 4316 Ι
306 4216 409 4282 “Hoc
434 4217 536 4283 etiam
559 4222 652 4304 patet
673 4241 717 4286 ex
741 4221 883 4307 quadam
906 4223 997 4290 bulla
1019 4226 1189 4296 Paschalis
1215 4239 1423 4319 pepaeBuuor

256 4319 402 4398 secundi,
432 4320 559 4386 directa
586 4322 711 4388 illustri
750 4326 822 4413 regi
856 4326 1000 4394 Henrioo
1030 4335 1066 4396 et
1096 4333 1197 4399 etiam
1240 4357 1308 4400 om·
1320 4375 1427 4426 Pasehal
1439 4375 1460 4427 1.

256 4422 358 4487 nibus
383 4423 529 4510 praelatis
555 4445 613 4511 per
632 4425 788 4513 Angliarn
814 4429 1005 4497 constitutis
1017 4459 1025 4514 ;
1048 4434 1084 4500 in
1102 4457 1168 4522 qua
1192 4437 1307 4504 taliter

256 4525 451 4592 continetur
459 4531 525 4592 :-‘
534 4524 751 4595 concedimus
772 4531 886 4618 igitur,
914 4539 948 4601 et
978 4536 1205 4607 robustissima
1231 4563 1307 4608 euc-

255 4628 397 4694 toritate
418 4634 534 4694 nostra
554 4631 732 4716 apostolica
763 4634 987 4721 permittimus
1010 4645 1044 4705 et
1066 4644 1305 4730 confirmamus,

255 4735 299 4796 ut
329 4731 421 4798 locus
452 4732 519 4814 ille,
558 4733 596 4800 id
629 4738 680 4800 est
709 4737 844 4804 emlcsia
875 4739 1167 4828 westmonasterii,
1207 4757 1305 4841 regine

1107 4861 1170 4920 02
