3567 5800
491 835 557 901 320
757 848 824 900 ara
846 847 895 898 nn
916 847 1051 898 manac.
1073 847 1165 898 senc.
1185 847 1271 898 msr.

488 1034 695 1101 unanimiter
739 1035 830 1100 beati
880 1035 947 1100 viri
991 1036 1206 1100 sanctitatem
1255 1036 1424 1120 vitamque
1469 1034 1541 1099 eius

487 1139 639 1224 operibus
665 1139 850 1204 mirabilem
875 1143 1084 1218 attestantes,
1108 1137 1256 1225 perlatus
1278 1143 1330 1203 est
1353 1136 1396 1202 ab
1417 1136 1539 1202 abbate

487 1261 592 1306 sermo
618 1241 682 1306 iste
704 1241 740 1306 in
763 1263 971 1308 communem
991 1241 1133 1306 fratrum
1158 1240 1374 1316 audientiam,
1398 1260 1542 1326 moxque

487 1353 659 1434 coepeaunt
685 1370 760 1414 eum
787 1370 900 1415 omnes
926 1370 996 1414 una
1019 1369 1097 1413 voce
1121 1346 1195 1435 pari
1221 1352 1303 1412 voto
1325 1345 1543 1432 concordique

488 1449 647 1517 desiderio
691 1451 866 1538 deprecari,
905 1455 946 1517 ut
987 1471 1100 1516 curam
1143 1454 1281 1537 gereret,
1327 1472 1371 1516 ne
1416 1449 1541 1514 mundo

486 1551 625 1618 ulterius
651 1557 722 1618 tarn
746 1553 905 1640 praeclara
929 1554 1064 1620 lucerna
1084 1552 1349 1634 absconderetur,
1372 1574 1459 1618 neve
1482 1573 1542 1616 rex

393 1695 394 1698 =
487 1659 619 1722 sanctus
657 1661 692 1722 et
728 1655 888 1744 gloriosus
926 1655 1069 1743 amplius
1106 1655 1156 1722 ita
1192 1654 1314 1720 lateret
1350 1654 1386 1718 in
1423 1654 1540 1740 gloria,

487 1763 670 1825 asserentes
700 1781 736 1824 se
767 1757 829 1825 de¹
858 1759 949 1825 illius
979 1757 1108 1824 meritis
1137 1757 1372 1823 indubitanter
1401 1778 1540 1843 sperare,

488 1861 576 1947 quod
613 1861 640 1926 si
678 1859 755 1928 huic
788 1861 879 1948 operi
912 1883 1048 1927 manum
1078 1881 1243 1948 apponere
1268 1861 1379 1941 vellet,
1412 1859 1543 1924 Divina
1620 1943 1624 1948 ἱ

488 1968 682 2050 cooperante
730 1964 841 2051 gratia
887 1985 1043 2051 prospero
1089 1964 1157 2028 fine
1203 1984 1272 2028 mm
1321 1962 1542 2042 terminaret;

489 2065 667 2132 adicientes
706 2089 740 2132 se
777 2066 879 2132 etiam
917 2087 977 2152 per
1013 2065 1205 2131 manifestas
1241 2063 1387 2131 visiones
1427 2064 1541 2130 crebro

389 2179 392 2186 '
488 2167 682 2249 admonitos,
708 2173 747 2234 ut
767 2190 836 2234 rem
859 2168 965 2254 ipsam
987 2169 1031 2234 ad
1053 2189 1129 2232 eum
1151 2167 1318 2233 deferrent
1340 2172 1375 2232 et
1397 2167 1440 2232 de
1461 2166 1542 2231 facti

488 2271 765 2336 consummatione
789 2293 857 2336 non
879 2271 1081 2336 dubitarent
1127 2269 1254 2335 Prolati
1276 2273 1357 2335 sunt
1378 2269 1513 2334 etiam
1503 2290 1540 2332 ιιι

488 2372 633 2438 medium
663 2378 698 2438 et
727 2373 866 2458 inspecti
888 2372 967 2437 libri
997 2374 1038 2438 de
1067 2372 1236 2438 miraculis
1264 2376 1299 2437 et
1325 2372 1398 2436 vita
1424 2370 1495 2436 eins
1520 2393 1542 2434 a

489 2473 727 2562 probatissimis
749 2475 831 2539 viris
855 2474 1056 2561 conscripti3
1078 2475 1115 2538 in
1137 2475 1259 2561 quibus
1282 2475 1376 2540 velut
1397 2473 1541 2560 quodam

489 2576 676 2642 sanctitatis
714 2575 844 2664 speculo
880 2577 1044 2663 pretiosus
1073 2577 1213 2642 Domini
1248 2576 1412 2642 confessor
1448 2581 1543 2640 totus

489 2679 651 2745 mirabilis
695 2684 849 2766 totusque
893 2680 1055 2768 gloriosus
1092 2680 1129 2745 in
1168 2679 1271 2746 oculis
1311 2679 1542 2744 universorum

488 2783 699 2870 resplenduit
745 2781 811 2847 His
834 2787 868 2848 et
893 2782 1084 2848 huiusmodi
1107 2783 1161 2847 vir
1181 2783 1258 2869 pius
1279 2783 1317 2846 in
1338 2801 1484 2846 amorem
1506 2789 1543 2845 et

490 2884 688 2951 desiderium
725 2885 816 2953 beati
854 2886 1013 2974 principis
1043 2884 1223 2973 plurimum
1254 2906 1407 2951 accensus
1436 2889 1472 2950 et
1500 2907 1545 2949 ex

322 3010 459 3071 Theano
490 2993 589 3054 tanta
609 2990 751 3055 fratrum
773 2989 938 3054 instantia
974 2988 1019 3053 ad
1054 2988 1207 3054 audenda
1228 2987 1356 3053 maiora
1376 2988 1444 3051 iam
1470 2987 1542 3051 ani-

320 3078 479 3207 ἳἏΡΒὉῗῖζθ
492 3096 562 3157 mat
562 3113 610 3173 us,
636 3092 680 3157 ad
709 3092 817 3157 beatae
849 3091 1016 3156 memoriae
1040 3089 1266 3156 Theobaldum
1294 3089 1544 3156 cantuariensis

320 3215 424 3278 -.nar)
492 3194 578 3259 sedis
607 3194 884 3282 archiepiscopum
915 3200 951 3261 et
980 3193 1168 3280 apostolicas
1196 3194 1283 3259 sedis
1312 3192 1502 3280 legatum
1491 3216 1545 3258 m·
1643 3270 1646 3279 Ι

491 3302 684 3363 cunctanter
717 3318 751 3363 se
783 3296 935 3377 contulit,
967 3296 1155 3362 desiderans
1187 3296 1229 3361 ab
1262 3318 1301 3362 ec
1332 3296 1544 3382 quemadma

490 3401 569 3465 dum
591 3400 656 3466 sibi
679 3400 716 3465 in
738 3400 800 3466 hac
822 3422 858 3465 re
881 3399 1125 3487 procedendum
1147 3404 1232 3464 esset
1253 3399 1383 3485 plenius
1405 3399 1542 3473 edoceri,

488 3502 723 3589 negotiumque
760 3503 869 3590 ipsum
914 3502 1005 3567 tanti
1042 3501 1110 3566 viri
1150 3502 1349 3567 auctoritate
1385 3500 1541 3567 roborari.

489 3606 566 3691 Ipse
598 3626 676 3670 vero
717 3626 777 3691 pro
815 3602 972 3669 desiderii
1005 3604 1058 3670 sui
1091 3603 1191 3669 laude
1225 3604 1280 3691 pio
1310 3604 1341 3669 ei
1373 3626 1544 3669 occurrens

488 3708 619 3787 affectu,
642 3706 828 3795 prudentiae
851 3728 921 3772 sure
944 3706 1072 3771 consilii
1096 3706 1169 3771 vias
1195 3706 1343 3793 poscenti
1365 3705 1545 3793 diligenter

490 3810 640 3897 aperuit·
687 3810 822 3897 insuper
867 3831 1038 3875 assensum
1081 3830 1141 3896 per
1183 3810 1294 3875 omnia
1330 3808 1544 3894 favoremque

319 3934 412 4001 Roget,
420 3935 477 3999 abp
490 3918 662 4001 gratanter
692 3912 879 3999 spopondit
937 3911 1036 3977 Adiit
1072 3912 1175 3977 etiam
1204 3910 1413 3977 consultandi
1444 3932 1544 3975 causa

417 4002 715 4081 kvenerabilem
751 4015 864 4079 virum
903 4014 1068 4101 Rogerum
1105 4014 1385 4101 archiepiscopum
1419 4013 1545 4079 Ebora-

318 4138 424 4201 -.11s1)
491 4140 626 4197 oensem,
660 4116 839 4183 Ricardum
876 4138 1008 4204 quoque
1044 4116 1233 4204 episcopum
1270 4116 1543 4193 Londoniensem,

319 4068 400 4129 (AD.
403 4018 479 4120 1154

318 4200 447 4334 ξξᾞξ
435 4204 480 4266 ‘¹⁰
491 4227 688 4307 cunctosque
712 4219 780 4287 fere
802 4221 908 4286 totius
931 4221 1027 4307 regni
1051 4221 1226 4307 episcopos,
1251 4220 1390 4287 abbates
1412 4240 1544 4306 quoque

319 4336 360 4399 bp.
369 4272 453 4387 Laud
491 4324 648 4415 plurimos
678 4328 712 4389 ct
742 4324 865 4410 priores
895 4324 1041 4410 aliasque
1069 4322 1240 4410 religiosas
1270 4346 1444 4410 personas:
1484 4326 1545 4410 qui

318 4402 477 4533 (†,?,;¹⁵²
492 4448 603 4492 omnes
627 4427 711 4492 miro
737 4427 857 4492 affectu
883 4430 1032 4491 sanctam
1055 4426 1124 4491 eius
1147 4425 1301 4511 piamque
1323 4425 1544 4491 intentionem

894 4748 901 4779 ¹
920 4746 963 4815 de]
982 4749 1014 4799 de
1024 4748 1063 4805 de.
1075 4748 1132 4799 MS.
