3567 5800
550 826 616 893 236
811 842 878 895 mc
901 844 1103 895 1111111111
1126 846 1216 897 erne
1240 846 1328 897 ursa.

548 1028 584 1087 et
613 1026 784 1091 venientes
816 1026 957 1091 Romam
993 1026 1095 1115 legati
1123 1030 1230 1095 nostri
1259 1052 1303 1095 ex
1331 1029 1495 1093 voluntate
1520 1026 1574 1091 Dei

547 1125 748 1192 invenerunt
770 1128 941 1195 collectam
964 1131 1127 1215 synodum
1150 1132 1188 1196 in
1211 1132 1325 1197 eedem
1351 1131 1440 1197 urbe
1490 1130 1573 1195 Oun-

547 1250 610 1312 que
632 1228 858 1315 exposuissent
879 1253 986 1297 meam
1001 1231 1207 1299 voluntatem
1229 1239 1266 1299 et
1286 1255 1379 1299 suam
1403 1233 1572 1319 petitionem

546 1352 655 1395 eoram
687 1331 835 1397 ducentis
864 1333 1108 1421 quinquaginta
1137 1336 1295 1425 episcopis
1324 1342 1360 1402 et
1389 1336 1454 1401 alia
1480 1333 1572 1399 multi·

548 1432 665 1497 tudine
691 1440 879 1501 sauctorum
899 1440 1042 1522 patrum,
1058 1443 1137 1504 tunc
1159 1436 1355 1525 apostolicus
1379 1460 1423 1503 ex
1445 1436 1570 1503 1111111111

547 1542 670 1602 sanctae
700 1538 818 1623 synodi
849 1538 1016 1603 decretum
1042 1562 1139 1605 suum
1168 1541 1252 1605 mihi
1280 1541 1454 1627 rescripsit
1501 1538 1570 1603 ‘leo

440 1686 478 1733 ,
547 1638 716 1725 episcopus
746 1661 860 1706 servus
889 1664 1058 1707 servorum
1087 1640 1153 1709 Dei
1184 1643 1304 1709 dilecto
1334 1643 1406 1709 filio
1435 1640 1572 1707 litwardo

466 1741 731 1828 ·Anglorum
768 1742 856 1829 regi!
924 1744 969 1809 Et
1006 1744 1100 1810 inira
1162 1745 1398 1831 ‘Praecipunus
1434 1744 1492 1809 tibi
1522 1741 1570 1808 sub

545 1844 677 1911 nomine
703 1852 825 1911 sanctur
855 1846 1050 1913 obedientiae
1076 1851 1112 1913 et
1133 1846 1346 1936 paenitentiae,
1371 1854 1413 1913 ut
1435 1866 1568 1933 expensas

545 1969 627 2033 quas
661 1949 705 2014 ad
741 1949 807 2013 iter
842 1950 934 2015 istud
972 1972 1147 2037 paraveras
1177 1950 1377 2037 pauperibus
1407 1952 1568 2036 1111311111

545 2049 728 2116 coeuobium
754 2052 987 2117 monachorum
1014 2051 1050 2117 in
1072 2051 1196 2118 honore
1217 2053 1322 2118 sancti
1346 2052 1439 2119 Petri
1463 2054 1568 2137 apost)-

543 2152 650 2217 lorum
688 2152 845 2240 principis
882 2160 943 2219 aut
979 2177 1104 2221 novum
1134 2161 1303 2221 construas
1331 2162 1394 2221 aut
1423 2159 1567 2219 vetustum

544 2255 695 2321 emendes
717 2261 751 2321 et
773 2278 902 2343 augeas,
917 2264 953 2324 ct
973 2258 1201 2323 sufficientiam
1216 2258 1414 2324 victualium
1433 2256 1568 2323 iratribus

543 2358 582 2422 de
606 2358 673 2423 tuis
697 2358 857 2425 reditibus
879 2362 1080 2441 constituas3
1103 2362 1268 2447 quatinus,
1287 2362 1368 2427 dum
1390 2361 1438 2425 illi
1460 2358 1567 2425 assidue

541 2460 625 2525 inibi
648 2461 755 2527 Deum
786 2462 1004 2542 laudaverint,
1027 2470 1062 2530 et
1092 2466 1214 2531 sanctis
1240 2470 1403 2552 augeatur
1424 2463 1518 2551 gloria
1541 2464 1568 2525 et

542 2562 606 2628 tibi
629 2564 853 2651 indulgentia!
866 2565 881 2591 ”

587 2664 615 2730 E
654 2666 749 2734 infr.

442 2798 467 2832 ι.
502 2729 509 2745 ’
591 2673 706 2836 “iiaec
721 2690 756 2835 it
778 2770 844 2836 alia
865 2772 1035 2858 apostolici
1050 2771 1207 2837 mandata
1228 2794 1302 2839 cum
1316 2772 1473 2838 referrent
1491 2768 1567 2834 nobis

414 2865 433 2967 l
475 2888 482 2901 ·
543 2872 651 2960 legati,
683 2874 809 2940 interea
834 2875 996 2941 revelavit
1022 2876 1138 2942 beatus
1164 2876 1281 2942 Petrus
1316 2876 1445 2942 cuidam
1474 2871 1567 2961 proba

542 2976 619 3042 bilis
644 2977 724 3044 vitae
755 2979 914 3044 monacho
935 2979 1060 3044 incluso
1082 2979 1214 3044 nomine
1231 2979 1358 3044 Wlsino
1381 2979 1566 3044 voluntatem

540 3104 634 3146 suam
660 3105 737 3164 esse,
761 3087 801 3148 ut
831 3089 1028 3150 restruerem
1070 3084 1176 3150 locum
1201 3084 1259 3170 qui
1282 3084 1405 3150 dicitur
1430 3082 1566 3147 Westmo

540 3185 729 3263 nasterium,
768 3187 855 3271 quod
892 3209 914 3250 a
950 3191 1097 3272 tempore
1130 3187 1236 3252 sancti
1274 3185 1455 3274 Augustini
1488 3179 1567 3270 pruni

540 3287 723 3374 Anglorum
745 3289 886 3375 episcopi
909 3288 1102 3354 institutum
1118 3287 1290 3374 multaque
1303 3297 1454 3356 veterum
1473 3305 1565 3372 regum
1692 3330 1693 3335 κ

539 3391 766 3458 munificentia
809 3390 1006 3457 honoratum
1047 3397 1181 3479 propter
1214 3397 1419 3458 vetustatem
1455 3395 1487 3455 et
1517 3387 1566 3450 fie-
1692 3448 1693 3451 ,

538 3499 675 3580 quantes
701 3493 861 3559 bellorum
883 3494 1049 3586 tumultus
1070 3516 1154 3581 pene
1177 3493 1352 3562 videbatur
1379 3495 1566 3561 destructum

370 4013 432 4064 Edu
433 4016 478 4066 ard

370 4081 485 4134 1111111111
477 4097 499 4133 11

539 3595 687 3682 Cumque
725 3597 810 3661 hanc
846 3595 1007 3663 visionem
1039 3596 1122 3661 mihi
1164 3597 1308 3684 meisque
1353 3598 1518 3670 retulisset
1540 3596 1567 3656 et

538 3698 723 3786 apostolicae
753 3699 857 3765 literae
889 3699 1030 3784 aequalia
1052 3705 1216 3787 praecepta
1238 3699 1441 3777 detulissent,
1463 3691 1566 3764 contuli
1692 3748 1694 3761 ,

538 3800 742 3866 voluntatem
770 3823 876 3866 meam
902 3823 975 3867 cum
1008 3801 1184 3868 voluntate
1210 3801 1284 3878 Dei,
1318 3808 1354 3867 et
1388 3825 1462 3868 cum
1484 3796 1567 3865 totius

538 3905 631 3992 regni
657 3904 816 3970 1111111111
841 3905 915 3969 dedi
940 3926 993 3969 me
1016 3905 1059 3968 ad
1085 3902 1326 3970 restitutionem
1350 3904 1491 3970 eiusdem
1509 3896 1566 3963 loci

540 4008 659 4124 Itaque
704 4006 858 4072 decimari
896 4006 1036 4094 praecepi
1065 4029 1195 4074 omnem
1234 4006 1454 4073 substantiam
1477 4022 1565 4068 meru

370 4152 501 4200 sumam
539 4110 641 4176 tam
630 4132 667 4175 111
697 4131 776 4174 auro
808 4114 843 4174 et
876 4115 1012 4196 argento
1043 4131 1142 4196 quarn
1171 4110 1208 4175 in
1239 4108 1421 4196 pecudibus
1442 4114 1474 4174 et
1492 4101 1566 4170 omni

369 4223 498 4267 101681οΝ

370 4281 453 4332 17111-

369 4348 475 4399 minster

369 4416 469 4482 Abbey.

537 4235 654 4300 genere
688 4213 946 4300 possessionum,
983 4217 1018 4276 et
1040 4211 1212 4278 destruens
1239 4217 1395 4292 veterem,
1424 4227 1565 4278 novena
1691 4258 1692 4281 ,

537 4315 762 4382 fundamentis
794 4314 962 4379 basilicam
989 4315 1169 4391 construxi,
1195 4319 1230 4380 et
1251 4320 1471 4382 constructum
1490 4307 1564 4376 dedi·

537 4419 604 4484 cari
633 4418 696 4483 feci
719 4417 837 4504 quinto
867 4417 1028 4482 kalendas
1050 4417 1212 4482 Januarii
1276 4417 1408 4504 inqua
1428 4409 1565 4483 collocavi

535 4520 606 4609 ipsa
627 4514 681 4588 die'
704 4519 858 4609 reliquias
881 4543 962 4606 quas
985 4519 1167 4587 Martinus¹
1184 4542 1271 4609 papa
1290 4528 1325 4587 et
1340 4521 1407 4587 Leo
1429 4518 1564 4607 quicum
1691 4526 1692 4603 1

867 4868 873 4897 ¹
887 4865 1029 4932 Martinus]
1049 4863 1173 4930 Marinus,
1185 4853 1243 4917 MS.

1692 3650 1694 3709 1
