3567 5800
410 843 457 892 on
478 841 593 892 assus
615 841 739 892 aucun
760 841 955 895 aren-ru.
979 831 1030 897 13,
1189 835 1256 897 301

207 1027 467 1115 archiepiscopus
492 1029 588 1096 dictis
614 1029 715 1095 fidem
744 1051 812 1095 non
839 1031 1010 1112 adhibens,
1035 1032 1191 1098 accersito
1217 1031 1261 1096 ad

207 1152 242 1195 se
281 1130 483 1220 (lundulpho
522 1132 659 1200 Rofensi
705 1133 856 1221 episcopo
895 1133 969 1199 viro
1005 1135 1189 1201 venerabili
1227 1140 1262 1200 ct

207 1233 367 1321 religiosO,
404 1235 497 1301 iubet
534 1241 574 1301 ut
612 1236 767 1302 accedens
804 1237 848 1301 ad
885 1236 1070 1324 sepulcrum
1107 1237 1261 1304 baculum

206 1355 306 1424 quem
339 1343 473 1406 sanctus
505 1340 699 1427 deposuerat
733 1339 859 1406 deferat
890 1339 928 1405 in
958 1341 1115 1407 medium.
1150 1341 1262 1406 -Paret

206 1441 366 1527 superiori
388 1443 510 1529 praesul
539 1441 683 1524 inferior,
713 1443 772 1508 sed
800 1442 942 1510 inventa
972 1449 1023 1510 est
1051 1443 1170 1510 fortior
1191 1443 1259 1508 vir·

206 1543 296 1630 ginei
343 1545 422 1610 licet
459 1544 599 1611 extincti
636 1545 779 1632 corporis
818 1545 977 1616 Edwatdi
1025 1547 1111 1634 regis
1157 1547 1265 1610 virtus

185 1667 308 1733 ¹quam
331 1647 477 1714 viventis
500 1647 644 1736 episcopi
674 1645 869 1734 Gsmdulphi
899 1667 1024 1714 manus
1070 1647 1144 1714 ista
1165 1647 1262 1714 bacu-

204 1749 275 1814 lum
296 1753 440 1837 temptet
461 1749 608 1831 evellere,
633 1771 733 1837 quam
762 1750 829 1830 illa,
853 1750 933 1817 licet
954 1749 1091 1816 inferior
1113 1750 1184 1817 loco
1207 1750 1265 1816 sed

207 1857 371 1940 potestate
400 1853 556 1940 superior,
582 1854 676 1940 qussi
706 1875 726 1918 a
755 1857 850 1940 parte
880 1851 1030 1919 inferiori
1052 1854 1088 1920 vi
1120 1853 1263 1939 quadam

206 1955 352 2022 mirabili
389 1960 566 2034 teneretur,
605 1956 689 2023 silici
725 1955 806 2022 facit
843 1955 1058 2023 immobiliter
1093 1943 1262 2023 inhaerere.

206 2057 298 2124 Tunc
320 2060 440 2146 praesul
467 2059 670 2125 Lanhancus
700 2059 851 2125 novitate
882 2060 1033 2126 miraculi
1062 2060 1264 2147 stupefactus

207 2165 242 2226 11
273 2179 383 2250 regem
413 2159 528 2228 volens
558 2167 665 2228 tantae
694 2157 926 2228 admirationis
957 2183 1026 2228 esse
1057 2163 1261 2250 participem,

205 2263 315 2328 mittit
348 2265 405 2350 qui
438 2283 514 2330 eum
548 2264 585 2330 in
617 2264 779 2350 synodmn
814 2271 998 2331 evocarent
1059 2263 1264 2331 Advenienti

206 2366 276 2453 regi
298 2387 372 2432 cum
398 2366 550 2455 precibus
580 2367 726 2454 assurgit
756 2367 1019 2456 archiepiscopus
1051 2367 1261 2446 lanfrancum,

206 2468 368 2556 simulque
414 2470 458 2536 ad
501 2469 588 2558 regis
626 2469 785 2536 Edwardi
829 2472 997 2537 tumulum
1041 2477 1263 2558 properantes,

205 2571 292 2638 facta
337 2574 484 2639 oratione
529 2591 665 2638 manum
715 2573 854 2661 apponit
899 2571 1065 2661 pontifex,
1110 2574 1264 2641 baculum

206 2679 350 2763 temptat
372 2695 492 2743 eruere.
540 2675 606 2742 Sed
630 2675 812 2742 obsistente
835 2677 922 2764 regis
944 2677 1104 2744 Edwardi
1125 2678 1262 2757 virtute,

206 2783 342 2844 conatus
365 2777 434 2864 eius
464 2775 671 2867 desidereto¹
703 2785 794 2845 curet
817 2780 943 2846 effectu
988 2779 1165 2846 Exclamat
1194 2799 1261 2857 rex,

205 2881 314 2968 plorat
342 2881 504 2970 pontifex,
535 2885 675 2969 uterque
704 2887 836 2949 resonat
867 2882 939 2949 Deo
968 2874 1129 2971 gloriam,
1149 2882 1261 2949 laudes

207 2982 371 3051 Edwado
393 2984 486 3051 emus
508 2984 545 3050 in
566 2985 659 3052 beati
675 2982 819 3051 Wlstcni
835 2985 1042 3072 promotione
1056 3008 1123 3051 non
1138 3004 1260 3051 errasse

205 3086 365 3153 iudicium
379 3088 477 3153 certis
500 3082 729 3153 declarabatur
751 3088 892 3153 indiciis.
949 3088 1043 3155 Tunc
1057 3088 1259 3153 Lanfrancus

205 3188 463 3278 archiepiscopus
477 3191 520 3255 ad
542 3194 693 3256 sanetum
708 3190 910 3256 Edwardum
935 3191 1098 3271 accedens,
1111 3198 1131 3227 “
1145 3190 1260 3271 Vere,”

204 3292 324 3379 inquit,
341 3300 360 3328 “
373 3292 481 3359 iustus
504 3299 555 3359 est
577 3293 741 3359 Dominus
761 3298 795 3359 et
816 3294 981 3359 iustitiam
1002 3292 1135 3381 diligit3
1155 3293 1257 3380 sequi·

204 3400 310 3461 tatem
331 3393 425 3462 videt
443 3396 556 3461 vultus
576 3396 654 3461 eius.
700 3395 786 3461 Vere
816 3416 891 3461 cum
914 3396 1117 3483 simplicibus
1147 3396 1257 3484 gradi-

204 3506 262 3567 tur
284 3508 319 3569 et
340 3522 414 3569 cum
437 3502 616 3567 humilibus
639 3502 867 3568 sermocinatio
889 3502 967 3569 eiua.
1024 3502 1142 3568 Derisa
1163 3507 1214 3569 est
1236 3526 1394 3579 suumne

204 3604 309 3685 nobis,
332 3606 443 3687 frater,
466 3610 528 3671 tua
556 3605 647 3671 iuste
672 3605 874 3693 simplicitas,
932 3606 997 3672 Sed
1023 3606 1141 3673 eduxit
1163 3594 1393 3713 qumissffi2ffi

204 3708 316 3775 lumen
337 3708 502 3774 iustitiam
521 3712 615 3775 tuam
633 3712 667 3773 et
686 3706 846 3773 iudicium
864 3714 962 3774 tuum
981 3714 1142 3796 tanquam
1162 3710 1259 3775 meri·
1391 3701 1396 3713 '

204 3812 303 3881 diem.
364 3813 563 3903 Plangendae
592 3815 747 3896 tenebrae,
786 3815 906 3901 quibus
935 3816 1081 3882 involuti
1118 3816 1258 3884 dicimus

204 3921 328 3985 malum
352 3918 476 3985 bonum
504 3926 539 3986 11
564 3915 690 3985 bonurn
717 3918 851 3985 maium.
898 3920 1048 4001 Erravit,
1075 3920 1200 3986 erravit
1222 3920 1259 3985 in

203 4027 247 4101 11,
271 4022 385 4103 irater,
407 4020 566 4088 iudicium
596 4028 758 4089 nostrum.
820 4018 887 4088 Sed
917 4022 1090 4088 suscitavit
1111 4023 1201 4089 Deus
1223 4022 1261 4089 in

203 4128 317 4191 sancto
355 4144 433 4212 rege
470 4121 635 4190 Eduardo
672 4122 835 4212 Spiritum
873 4142 980 4206 suum,
1017 4125 1074 4210 qui
1111 4128 1259 4191 nostram

204 4233 377 4295 evacuaret
406 4226 608 4293 sententiam
632 4232 668 4293 et
697 4222 947 4316 simplicitatem
974 4232 1068 4293 tuam
1091 4226 1163 4294 Deo
1185 4248 1258 4315 gra·

204 4338 276 4398 tam
314 4330 468 4397 omnibus
505 4326 703 4418 propalaret.
765 4328 976 4396 Auctoritate
1013 4328 1149 4417 proinde
1194 4352 1261 4417 qua

203 4432 380 4522 fungimur,
405 4430 506 4499 immo
529 4432 644 4498 divino
661 4430 784 4498 iudicio
807 4455 872 4519 quo
895 4432 1129 4515 convincimur,
1147 4451 1259 4499 curam

204 4542 327 4624 quate
354 4536 571 4605 inconsultius
599 4536 750 4602 exuimus
780 4535 903 4602 iterum
929 4536 994 4602 tibi
1021 4536 1258 4603 committimus

511 4754 517 4782 ¹
536 4746 685 4816 1111111111]
705 4750 871 4813 desiderante,
883 4748 941 4803 MS.
