3567 5800
497 847 542 922 ⁷8
694 909 698 915 .
753 865 820 918 arc
842 865 890 916 na
911 865 1048 918 manso.
1069 865 1157 918 sanc
1180 865 1268 918 mss.

497 1070 573 1116 cum
609 1050 695 1117 silva
726 1051 1003 1118 corniculantium
1039 1053 1198 1140 strepitus
1235 1051 1414 1119 resonabat
1451 1073 1552 1119 vena·

428 1198 431 1205 -
497 1158 607 1218 torum
629 1154 836 1242 latratusque
865 1155 1085 1240 soecullorum,
1115 1154 1215 1222 multi
1241 1176 1414 1222 cervorum
1436 1154 1550 1243 fingam

371 1267 375 1274 '
496 1255 616 1322 leviter
645 1257 801 1325 inierunt
862 1257 919 1324 Ex
950 1257 1071 1346 quibus
1100 1278 1162 1323 rex
1196 1257 1287 1324 solus
1309 1279 1385 1324 cum
1416 1263 1552 1326 caterva

495 1359 740 1447 insequentium
763 1381 886 1427 canum
908 1383 1015 1444 unum
1035 1360 1129 1428 mirae
1152 1360 1397 1448 magnitudinis
1420 1359 1550 1448 insequi

496 1462 607 1549 coepit.
663 1462 771 1543 Quem
800 1463 861 1530 diu
882 1485 942 1550 por
975 1463 1107 1530 diversa
1136 1462 1284 1530 locorum
1306 1462 1406 1530 devia
1427 1485 1548 1530 canum

496 1565 647 1652 agilitate
673 1567 852 1654 fatigatum
878 1565 923 1631 ad
947 1565 1114 1654 quoddam
1135 1565 1266 1654 praecisi
1288 1565 1412 1632 montis
1433 1564 1550 1652 praeci-

496 1668 617 1754 pitium
637 1669 818 1757 impellens,
841 1691 911 1736 una
944 1691 1019 1736 cum
1050 1668 1187 1736 canibus
1217 1689 1351 1736 cervum
1373 1689 1444 1736 sese
1465 1689 1550 1754 praa

496 1770 630 1857 cipitem
653 1772 732 1840 dare
746 1771 861 1860 coegit
908 1770 975 1853 Qui
990 1791 1102 1838 omnes
1117 1771 1242 1859 pariter
1263 1793 1307 1840 ex
1329 1771 1398 1838 olto
1420 1771 1552 1838 descen·

496 1873 612 1940 dentes
643 1875 786 1953 contriti,
819 1875 857 1940 in
892 1878 1035 1942 mortem
1068 1873 1181 1941 subito
1215 1878 1418 1942 corruemnt
1475 1873 1549 1940 Rex

495 1980 609 2042 autem
622 1999 756 2044 cervum
778 1982 813 2044 ct
833 1997 930 2044 canes
952 1999 1027 2044 cum
1041 1998 1163 2065 magno
1185 1975 1330 2044 voluntis
1351 1975 1429 2062 equi
1451 1997 1549 2042 cursu

496 2077 669 2159 insectans,
702 2079 775 2146 viso
805 2078 989 2168 precipitio
1030 2101 1152 2166 equum
1188 2078 1333 2146 retinere
1370 2078 1548 2146 laboravit.

497 2179 565 2248 Sed
593 2183 749 2269 quoniam
777 2182 920 2249 effrenus
949 2181 1089 2270 collique
1118 2181 1321 2248 contumacis
1343 2185 1417 2248 crat
1437 2185 1473 2248 et
1504 2181 1550 2246 ri·

496 2284 584 2372 gidse
620 2285 764 2366 cervicis,
800 2285 911 2373 ipsum
948 2284 1083 2352 omnino
1120 2283 1287 2352 refrenem
1325 2305 1392 2350 non
1428 2283 1547 2350 valuit

498 2387 599 2452 Omni
620 2409 678 2476 spe
698 2386 814 2456 salutis
831 2386 945 2456 ablata
966 2388 1004 2453 in
1026 2385 1201 2454 voluntate
1222 2385 1289 2454 Dei
1310 2386 1550 2474 omnipotentis

496 2510 590 2555 suam
626 2490 771 2556 animam
800 2489 1058 2558 commendabat
1118 2498 1138 2530 “
1154 2489 1286 2557 Gratias
1309 2487 1404 2566 tibi‚”
1426 2489 1549 2576 inquit,

497 2599 517 2633 “
529 2613 600 2680 ego,
623 2591 765 2658 Domine
787 2590 869 2658 Jesu
893 2591 1036 2671 Chn'stc,
1059 2593 1149 2680 quod
1172 2613 1318 2660 menon
1347 2591 1485 2658 memini
1511 2591 1550 2656 in

495 2693 678 2761 hisdiebus
695 2695 841 2781 aliquem
861 2694 994 2777 lesisse,
1015 2695 1081 2762 nisi
1103 2694 1210 2762 solum
1232 2694 1457 2761 Dunstanum.
1503 2693 1549 2760 Et

385 2813 391 2818 ·
437 2869 441 2874 ,
496 2797 558 2864 hoo
579 2803 734 2886 prompta
762 2797 941 2864 devotione
972 2819 1123 2866 concesso
1152 2796 1236 2864 mihi
1262 2797 1370 2886 spatio
1408 2795 1549 2864 sibime

402 2888 407 2894 ⁶
495 2902 708 2975 reconcilians
737 2902 944 2971 emendabo.''
1002 2902 1058 2969 Ad
1088 2902 1150 2969 hoc
1188 2899 1314 2969 dictum
1352 2901 1445 2967 beati
1481 2899 1549 2966 vini

420 3050 441 3085 e.
496 3006 623 3072 meritis
644 3005 772 3073 restitit
791 3026 896 3091 equus
916 3004 954 3071 in
975 3004 1095 3071 ultimo
1116 3004 1294 3093 praecipitii
1315 3003 1407 3085 loco;
1429 3007 1465 3069 et
1487 3024 1549 3069 rex

496 3108 534 3175 iu
554 3130 589 3176 se
609 3108 765 3178 reductus
793 3128 853 3196 pro
883 3107 1095 3175 restitutione
1125 3106 1206 3175 vita
1228 3128 1298 3175 suae
1329 3106 1401 3173 Deo
1421 3106 1548 3193 gratias

495 3210 666 3281 minabat
709 3212 757 3281 Et
778 3210 915 3279 veniens
937 3211 1073 3277 domum
1094 3209 1191 3277 iussit
1205 3208 1270 3279 eibi
1291 3209 1429 3277 beatum
1451 3208 1547 3275 Dun-

495 3319 629 3383 stauum
650 3314 850 3404 presentari
895 3314 1030 3382 Etcum
1054 3334 1163 3381 coram
1184 3332 1261 3401 rege
1284 3312 1447 3379 adductus
1468 3310 1549 3379 fuis-

495 3423 556 3499 set,
592 3418 747 3508 protinus
782 3416 967 3485 conscensis
1003 3416 1096 3503 equis
1132 3414 1224 3483 viam
1260 3435 1335 3502 queo
1372 3414 1467 3483 ducit
1501 3414 1548 3481 ad

495 3520 704 3588 Glastoniam
724 3526 816 3589 recto
837 3521 974 3587 mamito
994 3521 1186 3587 tenuenmt
1230 3516 1306 3599 Quo
1331 3538 1407 3584 oum
1432 3538 1548 3609 perve-

495 3622 624 3691 nissent
645 3628 680 3691 et
701 3623 889 3691 coenobium
910 3621 1049 3711 ingressi
1070 3621 1219 3699 fuissent,
1242 3622 1446 3709 apprehensa
1467 3621 1549 3689 dex-

328 3726 446 3779 mm
460 3725 568 3793 nara
590 3724 759 3793 Dunstani
780 3748 890 3806 manu,
914 3725 1079 3793 osculatus
1102 3730 1154 3791 est
1177 3744 1259 3803 eam,
1289 3724 1475 3811 ducensque
1504 3724 1549 3791 ad

327 3794 467 3913 ms&
495 3828 606 3897 sedem
638 3828 858 3896 cathedralem
888 3826 1170 3895 consentientibus
1199 3826 1367 3893 monachis
1393 3827 1489 3893 illum
1511 3827 1550 3893 in

328 3928 447 3981 ΕΜ·
495 3952 570 4001 eum
590 3953 715 4020 ponens
738 3931 848 3999 dixit:
873 3941 892 3971 “
907 3932 989 3999 Esto
1011 3930 1097 3999 sedis
1120 3929 1219 3996 huius
1243 3934 1278 3997 et
1301 3928 1443 3998 ecclesiae
1467 3928 1552 3995 fide·

325 3997 402 4063 sm.
493 4036 640 4107 seimus
679 4036 790 4115 annu,
821 4038 864 4117 a,
904 4032 1017 4121 siquo
1053 4031 1119 4099 coi
1157 4031 1300 4099 deame
1337 4032 1382 4099 au
1423 4037 1550 4101 mea

494 4138 663 4227 religionis
688 4138 963 4225 supplementum,
989 4158 1050 4225 ego
1076 4136 1161 4203 illud
1182 4136 1275 4223 regia
1295 4135 1451 4224 lagitate
1472 4158 1552 4226 sup·

493 4243 620 4331 plebo.''
679 4242 807 4330 Sicqne,
836 4241 917 4309 licet
945 4240 1088 4307 multum
1118 4238 1276 4321 renitens,
1307 4238 1426 4307 beatus
1455 4238 1552 4307 Dun-

492 4351 608 4413 stanus
632 4346 678 4413 cd
701 4344 844 4413 officium
877 4342 1048 4431 regiminis
1074 4364 1096 4409 a
1119 4341 1192 4409 Deo
1214 4345 1360 4423 vocatus,
1390 4342 1545 4411 omnibus

492 4471 528 4517 se
541 4450 671 4518 studuit
684 4448 777 4517 salvo
790 4448 899 4537 rigore
913 4446 1082 4536 mligiouis
1100 4444 1279 4513 amabilem
1294 4446 1459 4515 unibera
