<?xml version="1.0" encoding="UTF-8"?>
<!DOCTYPE html PUBLIC "-//W3C//DTD XHTML 1.0 Transitional//EN"
    "http://www.w3.org/TR/xhtml1/DTD/xhtml1-transitional.dtd">
<html xmlns="http://www.w3.org/1999/xhtml" xml:lang="en" lang="en">
 <head>
  <title>
</title>
<meta http-equiv="Content-Type" content="text/html;charset=utf-8" />
  <meta name='ocr-system' content='tesseract 3.04.00' />
  <meta name='ocr-capabilities' content='ocr_page ocr_carea ocr_par ocr_line ocrx_word'/>
</head>
<body>
  <div class='ocr_page' id='page_1' title='image "./speculumhistori00mayogoog_0425.png"; bbox 0 0 3567 5800; ppageno 0'>
   <div class='ocr_carea' id='block_1_1' title="bbox 566 832 1332 895">
    <p class='ocr_par' dir='ltr' id='par_1_1' title="bbox 566 832 1332 895">
     <span class='ocr_line' id='line_1_1' title="bbox 566 832 1332 895; baseline -0.004 0"><span class='ocrx_word' id='word_1_1' title='bbox 566 832 631 895; x_wconf 80' lang='lat'>242</span> <span class='ocrx_word' id='word_1_2' title='bbox 818 846 885 894; x_wconf 84' lang='lat' dir='ltr'>ruo.</span> <span class='ocrx_word' id='word_1_3' title='bbox 908 845 956 893; x_wconf 82' lang='lat' dir='ltr'>nu</span> <span class='ocrx_word' id='word_1_4' title='bbox 978 844 1110 895; x_wconf 77' lang='lat' dir='ltr'>emme</span> <span class='ocrx_word' id='word_1_5' title='bbox 1133 844 1221 893; x_wconf 80' lang='lat' dir='ltr'>eruc.</span> <span class='ocrx_word' id='word_1_6' title='bbox 1244 843 1332 893; x_wconf 79' lang='lat' dir='ltr'>sisu.</span> 
     </span>
    </p>
   </div>
   <div class='ocr_carea' id='block_1_2' title="bbox 566 1031 1697 1119">
    <p class='ocr_par' dir='ltr' id='par_1_2' title="bbox 566 1031 1697 1119">
     <span class='ocr_line' id='line_1_2' title="bbox 566 1031 1697 1119; baseline -0.003 -22"><span class='ocrx_word' id='word_1_7' title='bbox 566 1032 694 1119; x_wconf 85' lang='lat' dir='ltr'>glorum</span> <span class='ocrx_word' id='word_1_8' title='bbox 717 1032 807 1099; x_wconf 87' lang='lat' dir='ltr'>urbis</span> <span class='ocrx_word' id='word_1_9' title='bbox 832 1032 1012 1099; x_wconf 82' lang='lat' dir='ltr'>Londoniae</span> <span class='ocrx_word' id='word_1_10' title='bbox 1035 1044 1070 1099; x_wconf 88' lang='lat' dir='ltr'>et</span> <span class='ocrx_word' id='word_1_11' title='bbox 1099 1033 1142 1099; x_wconf 89' lang='lat' dir='ltr'>eb</span> <span class='ocrx_word' id='word_1_12' title='bbox 1170 1034 1363 1100; x_wconf 76' lang='lat' dir='ltr'>occidentali</span> <span class='ocrx_word' id='word_1_13' title='bbox 1386 1054 1442 1098; x_wconf 86' lang='lat' dir='ltr'>oro</span> <span class='ocrx_word' id='word_1_14' title='bbox 1460 1031 1580 1097; x_wconf 87' lang='lat' dir='ltr'>eiusdem</span> <span class='ocrx_word' id='word_1_15' title='bbox 1617 1086 1621 1096; x_wconf 93' lang='lat'>.</span> <span class='ocrx_word' id='word_1_16' title='bbox 1696 1047 1697 1076; x_wconf 68' lang='grc'><strong>1</strong></span> 
     </span>
    </p>
   </div>
   <div class='ocr_carea' id='block_1_3' title="bbox 398 1132 1582 1533">
    <p class='ocr_par' dir='ltr' id='par_1_3' title="bbox 398 1132 1582 1533">
     <span class='ocr_line' id='line_1_3' title="bbox 398 1132 1582 1249; baseline -0.004 -46.996"><span class='ocrx_word' id='word_1_17' title='bbox 398 1132 502 1249; x_wconf 55' lang='grc' dir='ltr'>Μ·</span> <span class='ocrx_word' id='word_1_18' title='bbox 566 1136 657 1201; x_wconf 91' lang='lat' dir='ltr'>urbis</span> <span class='ocrx_word' id='word_1_19' title='bbox 679 1135 801 1201; x_wconf 89' lang='lat' dir='ltr'>dicitur</span> <span class='ocrx_word' id='word_1_20' title='bbox 816 1134 1156 1201; x_wconf 87' lang='lat' dir='ltr'>Westmonasterium.</span> <span class='ocrx_word' id='word_1_21' title='bbox 1201 1136 1286 1217; x_wconf 72' lang='lat' dir='ltr'>Quo</span> <span class='ocrx_word' id='word_1_22' title='bbox 1300 1134 1582 1220; x_wconf 76' lang='lat' dir='ltr'>aedffiauquioon</span> 
     </span>
     <span class='ocr_line' id='line_1_4' title="bbox 400 1238 1581 1355; baseline -0.002 -51"><span class='ocrx_word' id='word_1_23' title='bbox 400 1268 498 1331; x_wconf 77' lang='lat' dir='ltr'>nnoey</span> <span class='ocrx_word' id='word_1_24' title='bbox 566 1239 673 1303; x_wconf 82' lang='lat' dir='ltr'>fuerat</span> <span class='ocrx_word' id='word_1_25' title='bbox 659 1238 879 1324; x_wconf 85' lang='lat' dir='ltr'>tantiquitus</span> <span class='ocrx_word' id='word_1_26' title='bbox 899 1238 960 1305; x_wconf 84' lang='lat' dir='ltr'>sub</span> <span class='ocrx_word' id='word_1_27' title='bbox 976 1238 1102 1305; x_wconf 80' lang='lat' dir='ltr'>Meuito</span> <span class='ocrx_word' id='word_1_28' title='bbox 1125 1239 1305 1306; x_wconf 79' lang='lat' dir='ltr'>Londoniae</span> <span class='ocrx_word' id='word_1_29' title='bbox 1327 1240 1433 1327; x_wconf 83' lang='lat' dir='ltr'>primo</span> <span class='ocrx_word' id='word_1_30' title='bbox 1452 1239 1581 1355; x_wconf 85' lang='lat' dir='ltr'>episcopo,</span> 
     </span>
     <span class='ocr_line' id='line_1_5' title="bbox 567 1340 1582 1429; baseline 0 -22"><span class='ocrx_word' id='word_1_31' title='bbox 567 1342 653 1407; x_wconf 85' lang='lat' dir='ltr'>socio</span> <span class='ocrx_word' id='word_1_32' title='bbox 690 1354 724 1409; x_wconf 84' lang='lat' dir='ltr'>ct</span> <span class='ocrx_word' id='word_1_33' title='bbox 753 1348 1022 1428; x_wconf 88' lang='lat' dir='ltr'>contemporaneo</span> <span class='ocrx_word' id='word_1_34' title='bbox 1054 1344 1160 1408; x_wconf 88' lang='lat' dir='ltr'>sancti</span> <span class='ocrx_word' id='word_1_35' title='bbox 1188 1343 1369 1429; x_wconf 73' lang='lat' dir='ltr'><strong>Augustini</strong></span> <span class='ocrx_word' id='word_1_36' title='bbox 1397 1342 1492 1429; x_wconf 84' lang='lat' dir='ltr'>primi</span> <span class='ocrx_word' id='word_1_37' title='bbox 1515 1340 1582 1407; x_wconf 83' lang='lat' dir='ltr'>cn·</span> 
     </span>
     <span class='ocr_line' id='line_1_6' title="bbox 567 1444 1582 1533; baseline -0.003 -22"><span class='ocrx_word' id='word_1_38' title='bbox 567 1444 686 1511; x_wconf 80' lang='lat' dir='ltr'>tuariae</span> <span class='ocrx_word' id='word_1_39' title='bbox 718 1445 956 1532; x_wconf 85' lang='lat' dir='ltr'>archiepiscopi,</span> <span class='ocrx_word' id='word_1_40' title='bbox 994 1450 1029 1511; x_wconf 88' lang='lat' dir='ltr'>et</span> <span class='ocrx_word' id='word_1_41' title='bbox 1065 1468 1124 1532; x_wconf 90' lang='lat' dir='ltr'>per</span> <span class='ocrx_word' id='word_1_42' title='bbox 1159 1446 1267 1533; x_wconf 91' lang='lat' dir='ltr'>ipsum</span> <span class='ocrx_word' id='word_1_43' title='bbox 1302 1446 1438 1511; x_wconf 87' lang='lat' dir='ltr'>beatum</span> <span class='ocrx_word' id='word_1_44' title='bbox 1472 1444 1582 1509; x_wconf 88' lang='lat' dir='ltr'>Petmm</span> 
     </span>
    </p>
   </div>
   <div class='ocr_carea' id='block_1_4' title="bbox 278 1545 1699 1637">
    <p class='ocr_par' dir='ltr' id='par_1_4' title="bbox 278 1545 1699 1637">
     <span class='ocr_line' id='line_1_7' title="bbox 278 1545 1699 1637; baseline 0.004 -33"><span class='ocrx_word' id='word_1_45' title='bbox 278 1561 280 1570; x_wconf 93' lang='grc'><strong><em>·</em></strong></span> <span class='ocrx_word' id='word_1_46' title='bbox 401 1556 547 1637; x_wconf 71' lang='lat' dir='ltr'>quenes-</span> <span class='ocrx_word' id='word_1_47' title='bbox 567 1547 713 1635; x_wconf 83' lang='lat' dir='ltr'>angelico</span> <span class='ocrx_word' id='word_1_48' title='bbox 744 1546 926 1613; x_wconf 70' lang='lat' dir='ltr'><strong>famulante</strong></span> <span class='ocrx_word' id='word_1_49' title='bbox 956 1547 1093 1613; x_wconf 86' lang='lat' dir='ltr'>servitio</span> <span class='ocrx_word' id='word_1_50' title='bbox 1120 1554 1244 1615; x_wconf 83' lang='lat' dir='ltr'>sanctae</span> <span class='ocrx_word' id='word_1_51' title='bbox 1272 1550 1376 1615; x_wconf 73' lang='lat' dir='ltr'>mucis</span> <span class='ocrx_word' id='word_1_52' title='bbox 1401 1545 1582 1635; x_wconf 74' lang='lat' dir='ltr'>impressione</span> <span class='ocrx_word' id='word_1_53' title='bbox 1698 1593 1699 1630; x_wconf 54' lang='lat' dir='ltr'>o</span> 
     </span>
    </p>
   </div>
   <div class='ocr_carea' id='block_1_5' title="bbox 401 1634 1582 1841">
    <p class='ocr_par' dir='ltr' id='par_1_5' title="bbox 401 1634 1582 1841">
     <span class='ocr_line' id='line_1_8' title="bbox 401 1634 1582 1738; baseline -0.004 -21"><span class='ocrx_word' id='word_1_54' title='bbox 401 1634 462 1675; x_wconf 66' lang='lat'>⁰⁰¹²·</span> <span class='ocrx_word' id='word_1_55' title='bbox 568 1656 603 1719; x_wconf 88' lang='lat' dir='ltr'>et</span> <span class='ocrx_word' id='word_1_56' title='bbox 625 1652 708 1717; x_wconf 82' lang='lat' dir='ltr'>sacri</span> <span class='ocrx_word' id='word_1_57' title='bbox 731 1650 916 1717; x_wconf 83' lang='lat' dir='ltr'>chrismatis</span> <span class='ocrx_word' id='word_1_58' title='bbox 938 1652 1151 1737; x_wconf 69' lang='lat' dir='ltr'><strong>perunctione</strong></span> <span class='ocrx_word' id='word_1_59' title='bbox 1173 1651 1331 1717; x_wconf 79' lang='lat' dir='ltr'>dedicata</span> <span class='ocrx_word' id='word_1_60' title='bbox 1379 1648 1444 1718; x_wconf 89' lang='lat' dir='ltr'>Sed</span> <span class='ocrx_word' id='word_1_61' title='bbox 1462 1673 1515 1738; x_wconf 90' lang='lat' dir='ltr'>per</span> <span class='ocrx_word' id='word_1_62' title='bbox 1531 1649 1582 1712; x_wconf 82' lang='lat' dir='ltr'>fre·</span> 
     </span>
     <span class='ocr_line' id='line_1_9' title="bbox 568 1752 1580 1841; baseline 0.006 -22"><span class='ocrx_word' id='word_1_63' title='bbox 568 1761 706 1841; x_wconf 84' lang='lat' dir='ltr'>quentes</span> <span class='ocrx_word' id='word_1_64' title='bbox 734 1753 938 1822; x_wconf 71' lang='lat' dir='ltr'>incursiones</span> <span class='ocrx_word' id='word_1_65' title='bbox 962 1752 1177 1820; x_wconf 76' lang='lat' dir='ltr'>barbarmum</span> <span class='ocrx_word' id='word_1_66' title='bbox 1202 1760 1238 1821; x_wconf 88' lang='lat' dir='ltr'>et</span> <span class='ocrx_word' id='word_1_67' title='bbox 1263 1754 1408 1819; x_wconf 86' lang='lat' dir='ltr'>maxime</span> <span class='ocrx_word' id='word_1_68' title='bbox 1431 1754 1580 1825; x_wconf 78' lang='lat' dir='ltr'>nonouu</span> 
     </span>
    </p>
   </div>
   <div class='ocr_carea' id='block_1_6' title="bbox 567 1854 1582 2045">
    <p class='ocr_par' dir='ltr' id='par_1_6' title="bbox 567 1854 1582 2045">
     <span class='ocr_line' id='line_1_10' title="bbox 567 1854 1581 1945; baseline -0.006 -22"><span class='ocrx_word' id='word_1_69' title='bbox 567 1856 641 1945; x_wconf 88' lang='lat' dir='ltr'>(qui</span> <span class='ocrx_word' id='word_1_70' title='bbox 677 1862 770 1943; x_wconf 85' lang='lat' dir='ltr'>petre</span> <span class='ocrx_word' id='word_1_71' title='bbox 809 1878 881 1921; x_wconf 88' lang='lat' dir='ltr'>meo</span> <span class='ocrx_word' id='word_1_72' title='bbox 918 1855 1109 1923; x_wconf 77' lang='lat' dir='ltr'>AEthclredo</span> <span class='ocrx_word' id='word_1_73' title='bbox 1147 1858 1283 1924; x_wconf 83' lang='lat' dir='ltr'>vivente</span> <span class='ocrx_word' id='word_1_74' title='bbox 1321 1857 1525 1945; x_wconf 89' lang='lat' dir='ltr'>inuptioncm</span> <span class='ocrx_word' id='word_1_75' title='bbox 1554 1854 1581 1917; x_wconf 91' lang='lat' dir='ltr'>in</span> 
     </span>
     <span class='ocr_line' id='line_1_11' title="bbox 568 1956 1582 2045; baseline -0.004 -20"><span class='ocrx_word' id='word_1_76' title='bbox 568 1959 723 2045; x_wconf 78' lang='lat' dir='ltr'>Anglism</span> <span class='ocrx_word' id='word_1_77' title='bbox 751 1958 905 2040; x_wconf 83' lang='lat' dir='ltr'>fecerant,</span> <span class='ocrx_word' id='word_1_78' title='bbox 936 1963 971 2023; x_wconf 91' lang='lat' dir='ltr'>et</span> <span class='ocrx_word' id='word_1_79' title='bbox 1000 1981 1039 2025; x_wconf 93' lang='lat' dir='ltr'>eo</span> <span class='ocrx_word' id='word_1_80' title='bbox 1067 1964 1198 2026; x_wconf 88' lang='lat' dir='ltr'>mortuo</span> <span class='ocrx_word' id='word_1_81' title='bbox 1227 1982 1301 2025; x_wconf 89' lang='lat' dir='ltr'>oum</span> <span class='ocrx_word' id='word_1_82' title='bbox 1326 1960 1428 2025; x_wconf 81' lang='lat' dir='ltr'>fratre</span> <span class='ocrx_word' id='word_1_83' title='bbox 1448 1981 1513 2025; x_wconf 91' lang='lat' dir='ltr'>meo</span> <span class='ocrx_word' id='word_1_84' title='bbox 1531 1956 1582 2020; x_wconf 81' lang='lat' dir='ltr'>no·</span> 
     </span>
    </p>
   </div>
   <div class='ocr_carea' id='block_1_7' title="bbox 567 2060 1700 2248">
    <p class='ocr_par' dir='ltr' id='par_1_7' title="bbox 567 2060 1700 2248">
     <span class='ocr_line' id='line_1_12' title="bbox 568 2060 1700 2160; baseline -0.004 -35"><span class='ocrx_word' id='word_1_85' title='bbox 568 2062 691 2127; x_wconf 93' lang='lat' dir='ltr'>mundo</span> <span class='ocrx_word' id='word_1_86' title='bbox 720 2060 894 2126; x_wconf 90' lang='lat' dir='ltr'>dimidium</span> <span class='ocrx_word' id='word_1_87' title='bbox 930 2082 1068 2148; x_wconf 82' lang='lat' dir='ltr'>regnum</span> <span class='ocrx_word' id='word_1_88' title='bbox 1105 2063 1166 2127; x_wconf 90' lang='lat' dir='ltr'>sub</span> <span class='ocrx_word' id='word_1_89' title='bbox 1203 2062 1423 2127; x_wconf 74' lang='lat' dir='ltr'><strong>amicitiarum</strong></span> <span class='ocrx_word' id='word_1_90' title='bbox 1457 2060 1580 2149; x_wconf 82' lang='lat' dir='ltr'>pectione</span> <span class='ocrx_word' id='word_1_91' title='bbox 1699 2081 1700 2160; x_wconf 54' lang='lat' dir='ltr'>J</span> 
     </span>
     <span class='ocr_line' id='line_1_13' title="bbox 567 2162 1700 2248; baseline -0.003 -19"><span class='ocrx_word' id='word_1_92' title='bbox 567 2168 751 2242; x_wconf 83' lang='lat' dir='ltr'>tenuerant,</span> <span class='ocrx_word' id='word_1_93' title='bbox 776 2162 1109 2248; x_wconf 80' lang='lat' dir='ltr'>fratremquemeum</span> <span class='ocrx_word' id='word_1_94' title='bbox 1135 2164 1237 2241; x_wconf 82' lang='lat' dir='ltr'>alium</span> <span class='ocrx_word' id='word_1_95' title='bbox 1261 2165 1453 2231; x_wconf 87' lang='lat' dir='ltr'>AEluredum</span> <span class='ocrx_word' id='word_1_96' title='bbox 1475 2164 1582 2227; x_wconf 76' lang='lat' dir='ltr'>muue-</span> <span class='ocrx_word' id='word_1_97' title='bbox 1699 2165 1700 2184; x_wconf 66' lang='lat'>¹</span> 
     </span>
    </p>
   </div>
   <div class='ocr_carea' id='block_1_8' title="bbox 402 2265 1588 4610">
    <p class='ocr_par' dir='ltr' id='par_1_8' title="bbox 402 2265 1588 4610">
     <span class='ocr_line' id='line_1_14' title="bbox 568 2265 1581 2355; baseline -0.003 -24"><span class='ocrx_word' id='word_1_98' title='bbox 568 2266 680 2331; x_wconf 91' lang='lat' dir='ltr'>biliter</span> <span class='ocrx_word' id='word_1_99' title='bbox 708 2268 943 2353; x_wconf 85' lang='lat' dir='ltr'>interemptum</span> <span class='ocrx_word' id='word_1_100' title='bbox 966 2265 1221 2353; x_wconf 86' lang='lat' dir='ltr'>enecaverant¹,)</span> <span class='ocrx_word' id='word_1_101' title='bbox 1245 2267 1398 2355; x_wconf 87' lang='lat' dir='ltr'>neglecta</span> <span class='ocrx_word' id='word_1_102' title='bbox 1423 2275 1455 2333; x_wconf 92' lang='lat' dir='ltr'>et</span> <span class='ocrx_word' id='word_1_103' title='bbox 1475 2266 1581 2355; x_wconf 85' lang='lat' dir='ltr'>penitus</span> 
     </span>
     <span class='ocr_line' id='line_1_15' title="bbox 403 2367 1583 2457; baseline 0.003 -24"><span class='ocrx_word' id='word_1_104' title='bbox 403 2376 440 2455; x_wconf 56' lang='lat' dir='ltr'>Its</span> <span class='ocrx_word' id='word_1_105' title='bbox 451 2370 736 2435; x_wconf 74' lang='lat' dir='ltr'>restore-destructe</span> <span class='ocrx_word' id='word_1_106' title='bbox 764 2367 946 2434; x_wconf 88' lang='lat' dir='ltr'>videbatur.</span> <span class='ocrx_word' id='word_1_107' title='bbox 1008 2368 1092 2435; x_wconf 84' lang='lat' dir='ltr'>Cum</span> <span class='ocrx_word' id='word_1_108' title='bbox 1121 2391 1199 2457; x_wconf 86' lang='lat' dir='ltr'>ergo</span> <span class='ocrx_word' id='word_1_109' title='bbox 1234 2393 1439 2436; x_wconf 82' lang='lat' dir='ltr'>renovassem</span> <span class='ocrx_word' id='word_1_110' title='bbox 1462 2392 1532 2445; x_wconf 86' lang='lat' dir='ltr'>eam,</span> <span class='ocrx_word' id='word_1_111' title='bbox 1558 2371 1583 2429; x_wconf 76' lang='lat' dir='ltr'>tt</span> 
     </span>
     <span class='ocr_line' id='line_1_16' title="bbox 402 2452 1582 2561; baseline -0.003 -25"><span class='ocrx_word' id='word_1_112' title='bbox 402 2452 463 2494; x_wconf 60' lang='lat'>‘¹⁰¹¹&#39;</span> <span class='ocrx_word' id='word_1_113' title='bbox 569 2472 675 2536; x_wconf 79' lang='lat' dir='ltr'>multa</span> <span class='ocrx_word' id='word_1_114' title='bbox 700 2470 873 2557; x_wconf 79' lang='lat' dir='ltr'>privilegio</span> <span class='ocrx_word' id='word_1_115' title='bbox 894 2472 993 2557; x_wconf 84' lang='lat' dir='ltr'>regiae</span> <span class='ocrx_word' id='word_1_116' title='bbox 1015 2474 1187 2558; x_wconf 71' lang='lat' dir='ltr'>potestatis</span> <span class='ocrx_word' id='word_1_117' title='bbox 1211 2479 1245 2538; x_wconf 87' lang='lat' dir='ltr'>et</span> <span class='ocrx_word' id='word_1_118' title='bbox 1266 2474 1450 2561; x_wconf 67' lang='lat' dir='ltr'>apostolicae</span> <span class='ocrx_word' id='word_1_119' title='bbox 1470 2468 1582 2536; x_wconf 83' lang='lat' dir='ltr'>auctori-</span> 
     </span>
     <span class='ocr_line' id='line_1_17' title="bbox 570 2573 1582 2661; baseline 0.004 -20"><span class='ocrx_word' id='word_1_120' title='bbox 570 2574 651 2641; x_wconf 85' lang='lat' dir='ltr'>tetis</span> <span class='ocrx_word' id='word_1_121' title='bbox 674 2596 731 2661; x_wconf 91' lang='lat' dir='ltr'>per</span> <span class='ocrx_word' id='word_1_122' title='bbox 756 2573 891 2639; x_wconf 81' lang='lat' dir='ltr'>beatum</span> <span class='ocrx_word' id='word_1_123' title='bbox 917 2574 1059 2639; x_wconf 87' lang='lat' dir='ltr'>Leonem</span> <span class='ocrx_word' id='word_1_124' title='bbox 1082 2597 1202 2661; x_wconf 89' lang='lat' dir='ltr'>popam</span> <span class='ocrx_word' id='word_1_125' title='bbox 1227 2578 1265 2641; x_wconf 91' lang='lat' dir='ltr'>in</span> <span class='ocrx_word' id='word_1_126' title='bbox 1287 2598 1327 2641; x_wconf 87' lang='lat' dir='ltr'>ea</span> <span class='ocrx_word' id='word_1_127' title='bbox 1352 2574 1582 2645; x_wconf 68' lang='lat' dir='ltr'>constituissem?</span> 
     </span>
     <span class='ocr_line' id='line_1_18' title="bbox 571 2676 1581 2763; baseline -0.006 -20"><span class='ocrx_word' id='word_1_128' title='bbox 571 2677 723 2743; x_wconf 82' lang='lat' dir='ltr'>defimcto</span> <span class='ocrx_word' id='word_1_129' title='bbox 766 2676 838 2763; x_wconf 92' lang='lat' dir='ltr'>ipso</span> <span class='ocrx_word' id='word_1_130' title='bbox 883 2676 991 2741; x_wconf 90' lang='lat' dir='ltr'>Leone</span> <span class='ocrx_word' id='word_1_131' title='bbox 1035 2683 1069 2743; x_wconf 86' lang='lat' dir='ltr'>ct</span> <span class='ocrx_word' id='word_1_132' title='bbox 1113 2679 1305 2744; x_wconf 87' lang='lat' dir='ltr'>confirmato</span> <span class='ocrx_word' id='word_1_133' title='bbox 1349 2680 1387 2745; x_wconf 91' lang='lat' dir='ltr'>in</span> <span class='ocrx_word' id='word_1_134' title='bbox 1429 2680 1492 2745; x_wconf 90' lang='lat' dir='ltr'>eins</span> <span class='ocrx_word' id='word_1_135' title='bbox 1527 2676 1581 2739; x_wconf 91' lang='lat' dir='ltr'>loco</span> 
     </span>
     <span class='ocr_line' id='line_1_19' title="bbox 571 2778 1582 2866; baseline -0.006 -19"><span class='ocrx_word' id='word_1_136' title='bbox 571 2779 733 2847; x_wconf 85' lang='lat' dir='ltr'>Nicholao</span> <span class='ocrx_word' id='word_1_137' title='bbox 769 2778 893 2866; x_wconf 80' lang='lat' dir='ltr'>placuit</span> <span class='ocrx_word' id='word_1_138' title='bbox 930 2780 1013 2845; x_wconf 92' lang='lat' dir='ltr'>mihi</span> <span class='ocrx_word' id='word_1_139' title='bbox 1049 2802 1213 2862; x_wconf 84' lang='lat' dir='ltr'>renovare,</span> <span class='ocrx_word' id='word_1_140' title='bbox 1251 2782 1429 2864; x_wconf 78' lang='lat' dir='ltr'>meliorare,</span> <span class='ocrx_word' id='word_1_141' title='bbox 1464 2788 1494 2847; x_wconf 87' lang='lat' dir='ltr'>et</span> <span class='ocrx_word' id='word_1_142' title='bbox 1524 2798 1582 2843; x_wconf 89' lang='lat' dir='ltr'>cou-</span> 
     </span>
     <span class='ocr_line' id='line_1_20' title="bbox 570 2882 1585 2972; baseline -0.004 -22"><span class='ocrx_word' id='word_1_143' title='bbox 570 2884 701 2950; x_wconf 88' lang='lat' dir='ltr'>firmare</span> <span class='ocrx_word' id='word_1_144' title='bbox 729 2882 980 2950; x_wconf 88' lang='lat' dir='ltr'>eonsuetudines</span> <span class='ocrx_word' id='word_1_145' title='bbox 1008 2887 1043 2948; x_wconf 87' lang='lat' dir='ltr'>et</span> <span class='ocrx_word' id='word_1_146' title='bbox 1072 2884 1265 2952; x_wconf 78' lang='lat' dir='ltr'>donationes</span> <span class='ocrx_word' id='word_1_147' title='bbox 1293 2887 1497 2972; x_wconf 74' lang='lat' dir='ltr'>pecuniarum</span> <span class='ocrx_word' id='word_1_148' title='bbox 1521 2903 1585 2968; x_wconf 80' lang='lat' dir='ltr'>quas</span> 
     </span>
     <span class='ocr_line' id='line_1_21' title="bbox 570 2987 1584 3074; baseline -0.004 -20"><span class='ocrx_word' id='word_1_149' title='bbox 570 2991 786 3054; x_wconf 70' lang='lat' dir='ltr'>antecessores</span> <span class='ocrx_word' id='word_1_150' title='bbox 807 2987 874 3052; x_wconf 90' lang='lat' dir='ltr'>mei</span> <span class='ocrx_word' id='word_1_151' title='bbox 893 3007 986 3073; x_wconf 89' lang='lat' dir='ltr'>reges</span> <span class='ocrx_word' id='word_1_152' title='bbox 1006 2992 1119 3052; x_wconf 85' lang='lat' dir='ltr'>sancto</span> <span class='ocrx_word' id='word_1_153' title='bbox 1133 2987 1232 3053; x_wconf 89' lang='lat' dir='ltr'>Petro</span> <span class='ocrx_word' id='word_1_154' title='bbox 1251 2989 1465 3054; x_wconf 73' lang='lat' dir='ltr'>instituerent</span> <span class='ocrx_word' id='word_1_155' title='bbox 1477 2990 1584 3074; x_wconf 80' lang='lat' dir='ltr'>propter</span> 
     </span>
     <span class='ocr_line' id='line_1_22' title="bbox 406 3089 1583 3206; baseline -0.007 -46"><span class='ocrx_word' id='word_1_156' title='bbox 406 3111 505 3163; x_wconf 71' lang='grc' dir='ltr'>ειιοιιιι</span> <span class='ocrx_word' id='word_1_157' title='bbox 571 3113 732 3156; x_wconf 88' lang='lat' dir='ltr'>summam</span> <span class='ocrx_word' id='word_1_158' title='bbox 761 3089 970 3154; x_wconf 88' lang='lat' dir='ltr'>devotionem</span> <span class='ocrx_word' id='word_1_159' title='bbox 1000 3110 1099 3206; x_wconf 78' lang='lat' dir='ltr'>quam</span> <span class='ocrx_word' id='word_1_160' title='bbox 1128 3089 1246 3156; x_wconf 84' lang='lat' dir='ltr'>habuit</span> <span class='ocrx_word' id='word_1_161' title='bbox 1274 3113 1403 3178; x_wconf 88' lang='lat' dir='ltr'>semper</span> <span class='ocrx_word' id='word_1_162' title='bbox 1430 3089 1583 3175; x_wconf 71' lang='lat' dir='ltr'>anglorum</span> 
     </span>
     <span class='ocr_line' id='line_1_23' title="bbox 406 3181 1584 3312; baseline 0.001 -55"><span class='ocrx_word' id='word_1_163' title='bbox 406 3181 560 3297; x_wconf 64' lang='lat' dir='ltr'><strong>Rob³⁸³5¹⁰</strong></span> <span class='ocrx_word' id='word_1_164' title='bbox 571 3217 652 3282; x_wconf 84' lang='lat' dir='ltr'>gens</span> <span class='ocrx_word' id='word_1_165' title='bbox 677 3215 755 3280; x_wconf 87' lang='lat' dir='ltr'>erga</span> <span class='ocrx_word' id='word_1_166' title='bbox 784 3214 859 3258; x_wconf 91' lang='lat' dir='ltr'>eum</span> <span class='ocrx_word' id='word_1_167' title='bbox 887 3198 923 3258; x_wconf 89' lang='lat' dir='ltr'>et</span> <span class='ocrx_word' id='word_1_168' title='bbox 949 3192 1020 3260; x_wconf 92' lang='lat' dir='ltr'>eius</span> <span class='ocrx_word' id='word_1_169' title='bbox 1042 3193 1190 3260; x_wconf 90' lang='lat' dir='ltr'>vicarios.</span> <span class='ocrx_word' id='word_1_170' title='bbox 1252 3193 1372 3312; x_wconf 72' lang='lat' dir='ltr'>Itapue</span> <span class='ocrx_word' id='word_1_171' title='bbox 1398 3199 1519 3282; x_wconf 86' lang='lat' dir='ltr'>propter</span> <span class='ocrx_word' id='word_1_172' title='bbox 1537 3190 1584 3252; x_wconf 79' lang='lat' dir='ltr'>hoc</span> 
     </span>
     <span class='ocr_line' id='line_1_24' title="bbox 572 3291 1586 3386; baseline -0.006 -22"><span class='ocrx_word' id='word_1_173' title='bbox 572 3299 740 3386; x_wconf 79' lang='lat' dir='ltr'>negotium</span> <span class='ocrx_word' id='word_1_174' title='bbox 760 3301 795 3364; x_wconf 90' lang='lat' dir='ltr'>et</span> <span class='ocrx_word' id='word_1_175' title='bbox 816 3295 882 3362; x_wconf 85' lang='lat' dir='ltr'>alie</span> <span class='ocrx_word' id='word_1_176' title='bbox 900 3317 999 3381; x_wconf 87' lang='lat' dir='ltr'>quam</span> <span class='ocrx_word' id='word_1_177' title='bbox 1017 3295 1113 3382; x_wconf 87' lang='lat' dir='ltr'>plura</span> <span class='ocrx_word' id='word_1_178' title='bbox 1132 3295 1256 3383; x_wconf 86' lang='lat' dir='ltr'>legatos</span> <span class='ocrx_word' id='word_1_179' title='bbox 1278 3298 1353 3362; x_wconf 89' lang='lat' dir='ltr'>misi</span> <span class='ocrx_word' id='word_1_180' title='bbox 1375 3297 1505 3364; x_wconf 83' lang='lat' dir='ltr'>Romam</span> <span class='ocrx_word' id='word_1_181' title='bbox 1521 3291 1586 3378; x_wconf 63' lang='lat' dir='ltr'>epis</span> 
     </span>
     <span class='ocr_line' id='line_1_25' title="bbox 572 3396 1585 3517; baseline -0.01 -49"><span class='ocrx_word' id='word_1_182' title='bbox 572 3422 690 3517; x_wconf 82' lang='lat' dir='ltr'>capum</span> <span class='ocrx_word' id='word_1_183' title='bbox 710 3421 813 3466; x_wconf 90' lang='lat' dir='ltr'>unum</span> <span class='ocrx_word' id='word_1_184' title='bbox 833 3398 1015 3464; x_wconf 87' lang='lat' dir='ltr'>Aldredum</span> <span class='ocrx_word' id='word_1_185' title='bbox 1037 3404 1073 3463; x_wconf 91' lang='lat' dir='ltr'>et</span> <span class='ocrx_word' id='word_1_186' title='bbox 1094 3399 1176 3464; x_wconf 92' lang='lat' dir='ltr'>duos</span> <span class='ocrx_word' id='word_1_187' title='bbox 1198 3399 1317 3466; x_wconf 88' lang='lat' dir='ltr'>electos</span> <span class='ocrx_word' id='word_1_188' title='bbox 1336 3400 1381 3466; x_wconf 85' lang='lat' dir='ltr'>ed</span> <span class='ocrx_word' id='word_1_189' title='bbox 1399 3396 1585 3466; x_wconf 80' lang='lat' dir='ltr'>ordinandum</span> 
     </span>
     <span class='ocr_line' id='line_1_26' title="bbox 571 3497 1584 3592; baseline -0.005 -24"><span class='ocrx_word' id='word_1_190' title='bbox 571 3503 743 3592; x_wconf 87' lang='lat' dir='ltr'>episcopos,</span> <span class='ocrx_word' id='word_1_191' title='bbox 769 3501 925 3568; x_wconf 85' lang='lat' dir='ltr'>Gisonem</span> <span class='ocrx_word' id='word_1_192' title='bbox 955 3500 1078 3566; x_wconf 89' lang='lat' dir='ltr'>scilicet</span> <span class='ocrx_word' id='word_1_193' title='bbox 1100 3506 1136 3566; x_wconf 89' lang='lat' dir='ltr'>et</span> <span class='ocrx_word' id='word_1_194' title='bbox 1158 3501 1351 3582; x_wconf 84' lang='lat' dir='ltr'>Walterum,</span> <span class='ocrx_word' id='word_1_195' title='bbox 1375 3509 1414 3570; x_wconf 88' lang='lat' dir='ltr'>ut</span> <span class='ocrx_word' id='word_1_196' title='bbox 1437 3527 1459 3568; x_wconf 85' lang='lat' dir='ltr'>a</span> <span class='ocrx_word' id='word_1_197' title='bbox 1477 3497 1584 3566; x_wconf 88' lang='lat' dir='ltr'>dominc</span> 
     </span>
     <span class='ocr_line' id='line_1_27' title="bbox 572 3602 1587 3692; baseline -0.001 -22"><span class='ocrx_word' id='word_1_198' title='bbox 572 3627 658 3692; x_wconf 84' lang='lat' dir='ltr'>pepe</span> <span class='ocrx_word' id='word_1_199' title='bbox 680 3609 897 3670; x_wconf 72' lang='lat' dir='ltr'>sacrarentur</span> <span class='ocrx_word' id='word_1_200' title='bbox 941 3602 1119 3670; x_wconf 84' lang='lat' dir='ltr'>Venientes</span> <span class='ocrx_word' id='word_1_201' title='bbox 1143 3609 1255 3670; x_wconf 83' lang='lat' dir='ltr'>autem</span> <span class='ocrx_word' id='word_1_202' title='bbox 1282 3605 1431 3684; x_wconf 86' lang='lat' dir='ltr'>Romam,</span> <span class='ocrx_word' id='word_1_203' title='bbox 1454 3603 1491 3670; x_wconf 87' lang='lat' dir='ltr'>ab</span> <span class='ocrx_word' id='word_1_204' title='bbox 1513 3620 1587 3687; x_wconf 66' lang='lat' dir='ltr'>opor</span> 
     </span>
     <span class='ocr_line' id='line_1_28' title="bbox 572 3705 1586 3794; baseline -0.004 -20"><span class='ocrx_word' id='word_1_205' title='bbox 572 3707 672 3774; x_wconf 85' lang='lat' dir='ltr'>tolico</span> <span class='ocrx_word' id='word_1_206' title='bbox 692 3706 852 3773; x_wconf 84' lang='lat' dir='ltr'>Nicholeo</span> <span class='ocrx_word' id='word_1_207' title='bbox 872 3706 995 3773; x_wconf 90' lang='lat' dir='ltr'>honore</span> <span class='ocrx_word' id='word_1_208' title='bbox 1015 3728 1081 3792; x_wconf 91' lang='lat' dir='ltr'>quo</span> <span class='ocrx_word' id='word_1_209' title='bbox 1100 3707 1236 3774; x_wconf 84' lang='lat' dir='ltr'>decebat</span> <span class='ocrx_word' id='word_1_210' title='bbox 1253 3710 1405 3794; x_wconf 86' lang='lat' dir='ltr'>suscepti,</span> <span class='ocrx_word' id='word_1_211' title='bbox 1419 3705 1586 3775; x_wconf 76' lang='lat' dir='ltr'>invuomot</span> 
     </span>
     <span class='ocr_line' id='line_1_29' title="bbox 573 3809 1586 3898; baseline 0.002 -23"><span class='ocrx_word' id='word_1_212' title='bbox 573 3809 621 3875; x_wconf 91' lang='lat' dir='ltr'>ibi</span> <span class='ocrx_word' id='word_1_213' title='bbox 653 3810 697 3876; x_wconf 87' lang='lat' dir='ltr'>ad</span> <span class='ocrx_word' id='word_1_214' title='bbox 733 3811 896 3896; x_wconf 87' lang='lat' dir='ltr'>synodum</span> <span class='ocrx_word' id='word_1_215' title='bbox 925 3815 1155 3898; x_wconf 83' lang='lat' dir='ltr'>congregatam</span> <span class='ocrx_word' id='word_1_216' title='bbox 1185 3811 1434 3878; x_wconf 85' lang='lat' dir='ltr'>multitudinem</span> <span class='ocrx_word' id='word_1_217' title='bbox 1462 3823 1586 3894; x_wconf 70' lang='lat' dir='ltr'>mngnffl</span> 
     </span>
     <span class='ocr_line' id='line_1_30' title="bbox 573 3909 1588 4001; baseline -0.006 -21"><span class='ocrx_word' id='word_1_218' title='bbox 573 3913 796 4001; x_wconf 89' lang='lat' dir='ltr'>episcoporum</span> <span class='ocrx_word' id='word_1_219' title='bbox 820 3909 980 3978; x_wconf 89' lang='lat' dir='ltr'>ebbstum</span> <span class='ocrx_word' id='word_1_220' title='bbox 1001 3913 1234 3980; x_wconf 87' lang='lat' dir='ltr'>monachorum</span> <span class='ocrx_word' id='word_1_221' title='bbox 1260 3918 1296 3980; x_wconf 90' lang='lat' dir='ltr'>et</span> <span class='ocrx_word' id='word_1_222' title='bbox 1320 3914 1500 3980; x_wconf 88' lang='lat' dir='ltr'>clericorum</span> <span class='ocrx_word' id='word_1_223' title='bbox 1521 3912 1588 3974; x_wconf 74' lang='lat' dir='ltr'>cete</span> 
     </span>
     <span class='ocr_line' id='line_1_31' title="bbox 571 4013 1587 4108; baseline -0.002 -26"><span class='ocrx_word' id='word_1_224' title='bbox 571 4037 747 4108; x_wconf 89' lang='lat' dir='ltr'>rerumque</span> <span class='ocrx_word' id='word_1_225' title='bbox 783 4013 939 4081; x_wconf 87' lang='lat' dir='ltr'>fidelium</span> <span class='ocrx_word' id='word_1_226' title='bbox 1004 4013 1156 4102; x_wconf 85' lang='lat' dir='ltr'>Cumque</span> <span class='ocrx_word' id='word_1_227' title='bbox 1192 4017 1348 4083; x_wconf 86' lang='lat' dir='ltr'>audiente</span> <span class='ocrx_word' id='word_1_228' title='bbox 1385 4016 1504 4104; x_wconf 85' lang='lat' dir='ltr'>syuodo</span> <span class='ocrx_word' id='word_1_229' title='bbox 1534 4027 1587 4076; x_wconf 65' lang='lat' dir='ltr'>suu</span> 
     </span>
     <span class='ocr_line' id='line_1_32' title="bbox 573 4111 1588 4206; baseline 0 -21"><span class='ocrx_word' id='word_1_230' title='bbox 573 4117 749 4206; x_wconf 83' lang='lat' dir='ltr'>legationis</span> <span class='ocrx_word' id='word_1_231' title='bbox 778 4139 909 4185; x_wconf 84' lang='lat' dir='ltr'>causam</span> <span class='ocrx_word' id='word_1_232' title='bbox 934 4123 1132 4205; x_wconf 83' lang='lat' dir='ltr'>perorarent,</span> <span class='ocrx_word' id='word_1_233' title='bbox 1159 4118 1257 4184; x_wconf 88' lang='lat' dir='ltr'>huius</span> <span class='ocrx_word' id='word_1_234' title='bbox 1282 4141 1446 4186; x_wconf 88' lang='lat' dir='ltr'>summam</span> <span class='ocrx_word' id='word_1_235' title='bbox 1470 4111 1588 4204; x_wconf 73' lang='lat' dir='ltr'>epistole</span> 
     </span>
     <span class='ocr_line' id='line_1_33' title="bbox 573 4221 1044 4309; baseline -0.004 -22"><span class='ocrx_word' id='word_1_236' title='bbox 573 4223 708 4289; x_wconf 89' lang='lat' dir='ltr'>domino</span> <span class='ocrx_word' id='word_1_237' title='bbox 730 4241 823 4309; x_wconf 78' lang='lat' dir='ltr'>pepae</span> <span class='ocrx_word' id='word_1_238' title='bbox 846 4221 1044 4308; x_wconf 85' lang='lat' dir='ltr'>optulerunt</span> 
     </span>
     <span class='ocr_line' id='line_1_34' title="bbox 406 4315 1588 4412; baseline 0 -20"><span class='ocrx_word' id='word_1_239' title='bbox 406 4319 535 4370; x_wconf 66' lang='lat' dir='ltr'>ffl&#39;ffll&#39;fl</span> <span class='ocrx_word' id='word_1_240' title='bbox 620 4325 780 4392; x_wconf 84' lang='lat' dir='ltr'>‘Summo</span> <span class='ocrx_word' id='word_1_241' title='bbox 817 4325 1012 4390; x_wconf 83' lang='lat' dir='ltr'>universalis</span> <span class='ocrx_word' id='word_1_242' title='bbox 1056 4325 1197 4392; x_wconf 80' lang='lat' dir='ltr'>ecclesiae</span> <span class='ocrx_word' id='word_1_243' title='bbox 1232 4326 1321 4412; x_wconf 85' lang='lat' dir='ltr'>petri</span> <span class='ocrx_word' id='word_1_244' title='bbox 1359 4325 1510 4394; x_wconf 82' lang='lat' dir='ltr'>Nicholeo</span> <span class='ocrx_word' id='word_1_245' title='bbox 1534 4315 1588 4381; x_wconf 75' lang='lat' dir='ltr'>Ed·</span> 
     </span>
     <span class='ocr_line' id='line_1_35' title="bbox 406 4387 1588 4517; baseline -0.007 -19"><span class='ocrx_word' id='word_1_246' title='bbox 406 4387 480 4517; x_wconf 49' lang='lat'>{532¹</span> <span class='ocrx_word' id='word_1_247' title='bbox 490 4394 538 4502; x_wconf 61' lang='grc' dir='ltr'>ιιι-</span> <span class='ocrx_word' id='word_1_248' title='bbox 574 4428 707 4498; x_wconf 80' lang='lat' dir='ltr'>werdun</span> <span class='ocrx_word' id='word_1_249' title='bbox 729 4426 794 4492; x_wconf 89' lang='lat' dir='ltr'>Dei</span> <span class='ocrx_word' id='word_1_250' title='bbox 808 4428 917 4513; x_wconf 85' lang='lat' dir='ltr'>gratia</span> <span class='ocrx_word' id='word_1_251' title='bbox 931 4428 1114 4514; x_wconf 78' lang='lat' dir='ltr'>nnglorom</span> <span class='ocrx_word' id='word_1_252' title='bbox 1133 4449 1194 4493; x_wconf 81' lang='lat' dir='ltr'>rex</span> <span class='ocrx_word' id='word_1_253' title='bbox 1214 4427 1360 4494; x_wconf 87' lang='lat' dir='ltr'>debitam</span> <span class='ocrx_word' id='word_1_254' title='bbox 1382 4427 1588 4496; x_wconf 76' lang='lat' dir='ltr'>subiectionem</span> 
     </span>
     <span class='ocr_line' id='line_1_36' title="bbox 407 4519 1588 4610; baseline 0.002 -14.024"><span class='ocrx_word' id='word_1_255' title='bbox 407 4519 538 4571; x_wconf 41' lang='lat' dir='ltr'>&amp;⁰¹²⁸st</span> <span class='ocrx_word' id='word_1_256' title='bbox 575 4537 610 4596; x_wconf 91' lang='lat' dir='ltr'>et</span> <span class='ocrx_word' id='word_1_257' title='bbox 631 4529 855 4596; x_wconf 89' lang='lat' dir='ltr'>omnimodum</span> <span class='ocrx_word' id='word_1_258' title='bbox 888 4531 1068 4596; x_wconf 86' lang='lat' dir='ltr'>servitium</span> <span class='ocrx_word' id='word_1_259' title='bbox 1129 4531 1355 4597; x_wconf 81' lang='lat' dir='ltr'>Glorificemus</span> <span class='ocrx_word' id='word_1_260' title='bbox 1388 4532 1500 4606; x_wconf 88' lang='lat' dir='ltr'>Deum,</span> <span class='ocrx_word' id='word_1_261' title='bbox 1524 4521 1588 4610; x_wconf 62' lang='lat' dir='ltr'>qul*</span> 
     </span>
    </p>
   </div>
   <div class='ocr_carea' id='block_1_9' title="bbox 406 4587 1590 4720">
    <p class='ocr_par' dir='ltr' id='par_1_9' title="bbox 406 4587 1590 4720">
     <span class='ocr_line' id='line_1_37' title="bbox 406 4587 1590 4720; baseline 0 -20"><span class='ocrx_word' id='word_1_262' title='bbox 406 4587 522 4708; x_wconf 61' lang='lat' dir='ltr'>iiiii.</span> <span class='ocrx_word' id='word_1_263' title='bbox 576 4655 687 4699; x_wconf 85' lang='lat' dir='ltr'>curem</span> <span class='ocrx_word' id='word_1_264' title='bbox 712 4633 813 4699; x_wconf 89' lang='lat' dir='ltr'>hebet</span> <span class='ocrx_word' id='word_1_265' title='bbox 834 4655 903 4698; x_wconf 84' lang='lat' dir='ltr'>suae</span> <span class='ocrx_word' id='word_1_266' title='bbox 925 4632 1036 4699; x_wconf 80' lang='lat' dir='ltr'>electae</span> <span class='ocrx_word' id='word_1_267' title='bbox 1058 4633 1208 4714; x_wconf 74' lang='lat' dir='ltr'>ecclesias,</span> <span class='ocrx_word' id='word_1_268' title='bbox 1231 4634 1387 4720; x_wconf 87' lang='lat' dir='ltr'>quonium</span> <span class='ocrx_word' id='word_1_269' title='bbox 1404 4636 1440 4699; x_wconf 92' lang='lat' dir='ltr'>in</span> <span class='ocrx_word' id='word_1_270' title='bbox 1454 4621 1590 4700; x_wconf 85' lang='lat' dir='ltr'>locob⁰m</span> 
     </span>
    </p>
   </div>
   <div class='ocr_carea' id='block_1_10' title="bbox 698 4861 1496 4930">
    <p class='ocr_par' dir='ltr' id='par_1_10' title="bbox 698 4861 1496 4930">
     <span class='ocr_line' id='line_1_38' title="bbox 698 4861 1496 4930; baseline 0.004 -21.097"><span class='ocrx_word' id='word_1_271' title='bbox 698 4861 886 4927; x_wconf 67' lang='lat' dir='ltr'>&#39;interemptum</span> <span class='ocrx_word' id='word_1_272' title='bbox 898 4865 1071 4930; x_wconf 70' lang='lat' dir='ltr'>meam]</span> <span class='ocrx_word' id='word_1_273' title='bbox 1089 4866 1252 4928; x_wconf 81' lang='lat' dir='ltr'>interceptum</span> <span class='ocrx_word' id='word_1_274' title='bbox 1261 4873 1433 4929; x_wconf 67' lang='lat' dir='ltr'>eromvmt,</span> <span class='ocrx_word' id='word_1_275' title='bbox 1443 4863 1496 4914; x_wconf 75' lang='lat' dir='ltr'>MS.</span> 
     </span>
    </p>
   </div>
   <div class='ocr_carea' id='block_1_11' title="bbox 0 0 1799 5796">
    <p class='ocr_par' dir='ltr' id='par_1_11' title="bbox 0 0 1799 5796">
     <span class='ocr_line' id='line_1_39' title="bbox 0 0 1799 5796; baseline 0 0"><span class='ocrx_word' id='word_1_276' title='bbox 0 0 1799 5796; x_wconf 95' lang='lat' dir='ltr'> </span> 
     </span>
    </p>
   </div>
  </div>
 </body>
</html>
