3567 5800
397 848 444 896 on
467 849 581 900 seems
603 849 725 900 euenor
748 849 940 937 auen-fn.
964 839 1016 913 30,
1041 840 1092 902 31.
1209 838 1272 909 275

230 1033 329 1114 errire,
367 1039 555 1100 sanatorum
604 1056 678 1100 oum
716 1057 844 1102 summa
881 1035 1071 1102 humilitate
1107 1037 1274 1124 postulare

175 1198 179 1207 .
228 1136 392 1223 suffragia,
419 1143 453 1204 et
475 1139 521 1204 sie
543 1138 608 1204 fide
631 1160 699 1205 non
720 1139 809 1218 fieta,
832 1161 888 1226 spe
911 1145 1011 1219 serta,
1034 1139 1133 1204 hilari
1154 1141 1274 1226 spiritu

228 1239 272 1304 ad
302 1240 462 1325 palatium
491 1262 672 1328 properare,
704 1247 913 1329 recepturum
934 1264 978 1308 ex
1000 1242 1099 1329 regiis
1120 1242 1274 1309 manibus

229 1341 402 1427 pristinam
424 1342 630 1410 sanitatem.'’
676 1343 738 1410 Ille
761 1345 810 1410 nil
832 1350 979 1412 moratus
1000 1345 1136 1412 duotore
1158 1347 1273 1432 petito,

227 1443 312 1509 siout
340 1446 448 1512 fuerat
478 1445 510 1512 ei
547 1447 754 1534 imperatum,
787 1447 937 1514 eeclesias
966 1449 1128 1530 visitavit,
1159 1454 1195 1515 et
1228 1448 1275 1514 sio

227 1546 294 1612 fide
314 1546 430 1633 plenus
451 1548 576 1614 curiam
597 1549 762 1637 ingressus
784 1551 955 1636 quaerebat
985 1552 1044 1637 qui
1076 1573 1152 1617 eum
1182 1551 1273 1637 prin·

227 1649 292 1735 oipi
313 1651 491 1717 nuntiaret.
558 1652 695 1720 Pertaesi
718 1673 831 1720 omnes
853 1653 1070 1720 multitudine
1091 1644 1273 1718 adventin-

227 1752 312 1818 tium
334 1753 485 1840 pauperis
506 1753 680 1840 neglexere
694 1755 883 1838 elamorem3
905 1756 1040 1842 insuper
1060 1755 1274 1841 increpabant

228 1875 311 1934 eum,
344 1861 384 1920 ut
417 1860 548 1922 taoeret.
607 1856 657 1924 At
687 1856 752 1938 ille,
781 1857 871 1923 illiue
908 1857 1089 1946 evangelici
1125 1857 1275 1924 imitator

228 1956 384 2044 egregius,
408 1959 513 2025 multo
545 1959 650 2047 magis
685 1961 856 2028 clamabat
926 1961 1017 2030 Victi
1043 1961 1178 2027 tandem
1200 1961 1273 2047 pul·

227 2058 330 2126 santis
349 2061 600 2148 importunitate
621 2062 765 2130 ministri
785 2085 917 2130 mirsam
937 2065 1008 2131 eius
1029 2065 1100 2150 regi
1119 2062 1273 2130 referunt

228 2161 290 2228 Ille
325 2162 392 2228 iam
428 2162 480 2230 bis
514 2169 664 2232 assuetus
710 2165 870 2252 operibus,
920 2173 935 2201 “
949 2163 1109 2242 Veniat'’
1153 2164 1272 2250 inquit

228 2264 349 2344 “Quis
376 2267 465 2332 enim
496 2289 556 2354 ego
588 2289 669 2344 sum,
700 2268 759 2353 qui
793 2268 967 2335 contrister
1000 2273 1035 2334 et
1064 2288 1131 2333 non
1162 2267 1274 2353 potius

228 2366 381 2446 exultem,
413 2369 442 2434 si
471 2369 554 2434 meis
589 2369 742 2436 manibus
779 2370 856 2436 lieet
893 2371 1040 2457 indignis
1077 2370 1273 2457 promissum

226 2468 419 2536 beneficium
440 2471 576 2558 pauperi
598 2472 704 2560 pietas
724 2471 851 2538 Divina
873 2473 1053 2540 contulerit
1061 2472 1090 2537 t'’
1132 2472 1275 2538 Vocatus

171 2563 178 2578 ⁹
227 2571 323 2638 affuit
341 2574 394 2640 vir
416 2579 530 2662 captus
553 2575 662 2655 omlis,
679 2580 715 2640 et
736 2595 795 2640 rex
816 2575 932 2642 tinotis
954 2597 1040 2661 aqua
1062 2575 1177 2661 digitis
1198 2574 1275 2640 livit

227 2673 351 2756 faeiem,
386 2680 420 2742 et
452 2676 605 2744 orbiculis
628 2677 811 2744 tenebrosis
833 2679 965 2764 signum
991 2678 1073 2744 lucis
1098 2677 1272 2764 impressit.

226 2777 334 2844 Affnit
355 2799 435 2844 mox
456 2778 564 2864 gratia
586 2779 778 2860 Salvator-is,
806 2785 840 2846 et
873 2780 1099 2846 intermunus
1121 2780 1208 2866 regis
1229 2780 1273 2846 ab

227 2880 325 2947 oeulis
353 2881 502 2967 utrisque
525 2881 668 2949 ubertim
699 2882 833 2970 sanguis
856 2881 994 2961 effluxit,
1023 2884 1189 2951 serenavit
1214 2906 1273 2970 pu·

225 2982 329 3069 pillas,
352 2989 514 3051 tumorem
542 2985 692 3073 deposuit
714 2986 954 3072 palpebrarum
1001 2985 1056 3053 Sio
1079 2986 1179 3053 homo
1200 2986 1273 3051 red-

226 3084 316 3151 ditus
338 3092 388 3153 eet
407 3087 484 3168 luei,
511 3094 546 3157 et
570 3094 735 3155 astantem
758 3088 823 3155 sibi
837 3088 973 3155 intuens
987 3110 1105 3175 regem,
1139 3086 1273 3154 “Video

225 3189 291 3266 le,'’
311 3190 429 3277 inquit,
469 3196 487 3227 ‘⁸
504 3190 634 3257 domine
669 3191 716 3257 mi
753 3212 821 3271 rex,
854 3196 888 3257 et
910 3190 1009 3257 facias
1030 3196 1093 3257 tua
1113 3196 1273 3275 tanquam

227 3290 323 3359 facies
359 3292 469 3381 angeli
513 3294 634 3361 stantis
671 3297 749 3359 ants
797 3292 877 3359 me.’'
933 3292 1014 3379 Egit
1048 3314 1109 3357 rex
1148 3292 1272 3377 gratias

227 3393 305 3474 Deo,
321 3394 512 3482 ipsumque¹
537 3398 619 3484 regii
640 3396 757 3483 palatii
773 3397 869 3461 iuxta
883 3395 1052 3461 eeclesiam
1073 3394 1164 3461 beati
1180 3394 1271 3461 Petri

226 3499 332 3585 quoad
346 3500 475 3565 viveret
495 3499 592 3565 iussit
607 3522 675 3567 esse
698 3498 876 3565 custodem.
922 3498 1020 3565 Vixit
1040 3504 1152 3565 autem
1167 3519 1271 3584 usqua

226 3601 270 3666 sd
303 3600 459 3669 Willelmi
492 3604 604 3690 magni
636 3609 786 3690 tempora
821 3603 960 3673 virtutis
991 3602 1148 3671 Edwardi
1176 3602 1273 3669 testie

227 3708 387 3791 expertus

647 4050 728 4117 Gir.
754 4048 881 4115 XXXI.

1279 4127 1405 4190 AM.

344 4236 393 4304 ns
417 4236 528 4305 aaut
551 4238 645 4307 aaa
667 4246 698 4307 e
719 4262 792 4307 aro
814 4234 993 4307 salona
1013 4238 1153 4305 mate.
1278 4197 1423 4323 ἱῖξέῗῖὧ.

1279 4345 1302 4393 p.
1319 4334 1375 4381 110.

269 4426 440 4495 Missam
473 4432 607 4518 quidem
641 4432 719 4515 haeo,
743 4433 801 4498 sed
823 4433 898 4519 plus
927 4431 1077 4495 miranda
1099 4435 1266 4549 sequntpr.
1280 4422 1433 4540 ffiffind

223 4530 359 4596 Inventi
396 4538 474 4599 sunt
505 4542 583 4601 ante
613 4536 699 4601 fores
732 4536 849 4623 palatii
871 4535 936 4601 viri
971 4540 1135 4621 quattuor,
1169 4556 1268 4601 umus
1281 4557 1400 4609 menard

533 4776 541 4807 ¹
559 4776 697 4843 ipsumque]
717 4774 852 4842 ipsiusque,
863 4776 966 4827 Ailred.

1077 4872 1097 4921 s
1118 4859 1139 4921 2
