<?xml version="1.0" encoding="UTF-8"?>
<!DOCTYPE html PUBLIC "-//W3C//DTD XHTML 1.0 Transitional//EN"
    "http://www.w3.org/TR/xhtml1/DTD/xhtml1-transitional.dtd">
<html xmlns="http://www.w3.org/1999/xhtml" xml:lang="en" lang="en">
 <head>
  <title>
</title>
<meta http-equiv="Content-Type" content="text/html;charset=utf-8" />
  <meta name='ocr-system' content='tesseract 3.04.00' />
  <meta name='ocr-capabilities' content='ocr_page ocr_carea ocr_par ocr_line ocrx_word'/>
</head>
<body>
  <div class='ocr_page' id='page_1' title='image "./speculumhistori00mayogoog_0063.png"; bbox 0 0 3567 5800; ppageno 0'>
   <div class='ocr_carea' id='block_1_1' title="bbox 465 835 1073 903">
    <p class='ocr_par' dir='ltr' id='par_1_1' title="bbox 465 835 1073 903">
     <span class='ocr_line' id='line_1_1' title="bbox 465 835 1073 903; baseline -0.003 0"><span class='ocrx_word' id='word_1_1' title='bbox 465 835 514 903; x_wconf 81' lang='lat' dir='ltr'><strong>liv</strong></span> <span class='ocrx_word' id='word_1_2' title='bbox 909 844 1073 901; x_wconf 75' lang='lat' dir='ltr'><strong>rauraou</strong></span> 
     </span>
    </p>
   </div>
   <div class='ocr_carea' id='block_1_2' title="bbox 296 1018 1520 2005">
    <p class='ocr_par' dir='ltr' id='par_1_2' title="bbox 296 1018 1520 1266">
     <span class='ocr_line' id='line_1_2' title="bbox 297 1018 1520 1111; baseline -0.007 -26"><span class='ocrx_word' id='word_1_3' title='bbox 297 1044 418 1111; x_wconf 49' lang='lat' dir='ltr'><strong>myst,</strong></span> <span class='ocrx_word' id='word_1_4' title='bbox 467 1026 613 1099; x_wconf 88' lang='lat' dir='ltr'><strong>quondam</strong></span> <span class='ocrx_word' id='word_1_5' title='bbox 663 1024 853 1083; x_wconf 87' lang='lat' dir='ltr'><strong>terminorum</strong></span> <span class='ocrx_word' id='word_1_6' title='bbox 902 1040 968 1096; x_wconf 89' lang='lat' dir='ltr'><strong>pro·</strong></span> <span class='ocrx_word' id='word_1_7' title='bbox 1016 1020 1122 1087; x_wconf 90' lang='lat' dir='ltr'><strong>Parisi,</strong></span> <span class='ocrx_word' id='word_1_8' title='bbox 1169 1018 1316 1087; x_wconf 84' lang='lat' dir='ltr'><strong>Petuaria,</strong></span> <span class='ocrx_word' id='word_1_9' title='bbox 1366 1021 1424 1077; x_wconf 86' lang='lat' dir='ltr'><strong>and</strong></span> <span class='ocrx_word' id='word_1_10' title='bbox 1469 1020 1520 1077; x_wconf 89' lang='lat' dir='ltr'><strong>tbe</strong></span> 
     </span>
     <span class='ocr_line' id='line_1_3' title="bbox 296 1104 1506 1174; baseline 0 -15"><span class='ocrx_word' id='word_1_11' title='bbox 296 1110 377 1163; x_wconf 77' lang='lat' dir='ltr'><strong>nithe</strong></span> <span class='ocrx_word' id='word_1_12' title='bbox 466 1110 571 1167; x_wconf 76' lang='lat' dir='ltr'><strong>vinoioe</strong></span> <span class='ocrx_word' id='word_1_13' title='bbox 582 1109 721 1165; x_wconf 67' lang='lat' dir='ltr'><strong>Manu</strong></span> <span class='ocrx_word' id='word_1_14' title='bbox 736 1126 823 1173; x_wconf 83' lang='lat' dir='ltr'><strong>unus,</strong></span> <span class='ocrx_word' id='word_1_15' title='bbox 836 1108 882 1163; x_wconf 79' lang='lat' dir='ltr'><strong>uti</strong></span> <span class='ocrx_word' id='word_1_16' title='bbox 893 1108 969 1165; x_wconf 71' lang='lat' dir='ltr'><strong>alter</strong></span> <span class='ocrx_word' id='word_1_17' title='bbox 1018 1110 1140 1174; x_wconf 73' lang='grc' dir='ltr'><strong>εὐλίμενος</strong></span> <span class='ocrx_word' id='word_1_18' title='bbox 1152 1114 1227 1173; x_wconf 78' lang='grc' dir='ltr'>λίμην</span> <span class='ocrx_word' id='word_1_19' title='bbox 1235 1123 1285 1164; x_wconf 76' lang='lat' dir='ltr'><strong>ars</strong></span> <span class='ocrx_word' id='word_1_20' title='bbox 1294 1105 1410 1163; x_wconf 78' lang='lat' dir='ltr'><strong>inPtol.</strong></span> <span class='ocrx_word' id='word_1_21' title='bbox 1423 1104 1506 1160; x_wconf 78' lang='lat' dir='ltr'><strong>xiva.</strong></span> 
     </span>
     <span class='ocr_line' id='line_1_4' title="bbox 297 1179 968 1266; baseline -0.007 -14"><span class='ocrx_word' id='word_1_22' title='bbox 297 1180 339 1228; x_wconf 48' lang='grc' dir='ltr'><strong>Β(</strong></span> <span class='ocrx_word' id='word_1_23' title='bbox 352 1179 416 1231; x_wconf 61' lang='lat'>⁸¹³⁸·</span> <span class='ocrx_word' id='word_1_24' title='bbox 467 1195 574 1266; x_wconf 84' lang='lat' dir='ltr'><strong>Seteja.</strong></span> <span class='ocrx_word' id='word_1_25' title='bbox 589 1194 669 1251; x_wconf 83' lang='lat' dir='ltr'><strong>diota</strong></span> <span class='ocrx_word' id='word_1_26' title='bbox 686 1211 803 1265; x_wconf 89' lang='lat' dir='ltr'><strong>quoque</strong></span> <span class='ocrx_word' id='word_1_27' title='bbox 820 1194 885 1249; x_wconf 78' lang='lat' dir='ltr'><strong>brec</strong></span> <span class='ocrx_word' id='word_1_28' title='bbox 902 1209 968 1263; x_wconf 88' lang='lat' dir='ltr'><strong>pro·</strong></span> 
     </span>
    </p>

    <p class='ocr_par' dir='ltr' id='par_1_3' title="bbox 464 1278 969 1349">
     <span class='ocr_line' id='line_1_5' title="bbox 464 1278 969 1349; baseline -0.01 -13"><span class='ocrx_word' id='word_1_29' title='bbox 464 1280 563 1336; x_wconf 86' lang='lat' dir='ltr'><strong>vincia</strong></span> <span class='ocrx_word' id='word_1_30' title='bbox 580 1279 638 1334; x_wconf 86' lang='lat' dir='ltr'><strong>fuit</strong></span> <span class='ocrx_word' id='word_1_31' title='bbox 649 1278 812 1349; x_wconf 64' lang='lat' dir='ltr'><strong>Brigantio</strong></span> <span class='ocrx_word' id='word_1_32' title='bbox 830 1278 969 1348; x_wconf 78' lang='lat' dir='ltr'><strong>Regnum</strong></span> 
     </span>
    </p>

    <p class='ocr_par' dir='ltr' id='par_1_4' title="bbox 465 1359 968 1433">
     <span class='ocr_line' id='line_1_6' title="bbox 465 1359 968 1433; baseline -0.008 -14"><span class='ocrx_word' id='word_1_33' title='bbox 465 1363 574 1419; x_wconf 84' lang='lat' dir='ltr'><strong>scilicit</strong></span> <span class='ocrx_word' id='word_1_34' title='bbox 597 1359 666 1433; x_wconf 81' lang='lat' dir='ltr'><strong>[sic]</strong></span> <span class='ocrx_word' id='word_1_35' title='bbox 687 1362 821 1433; x_wconf 83' lang='lat' dir='ltr'><strong>ejusdem</strong></span> <span class='ocrx_word' id='word_1_36' title='bbox 840 1360 968 1416; x_wconf 88' lang='lat' dir='ltr'><strong>nominis</strong></span> 
     </span>
    </p>

    <p class='ocr_par' dir='ltr' id='par_1_5' title="bbox 464 1444 968 1518">
     <span class='ocr_line' id='line_1_7' title="bbox 464 1444 968 1518; baseline -0.006 -16"><span class='ocrx_word' id='word_1_37' title='bbox 464 1446 618 1518; x_wconf 73' lang='lat' dir='ltr'><strong>regionem</strong></span> <span class='ocrx_word' id='word_1_38' title='bbox 635 1446 795 1516; x_wconf 83' lang='lat' dir='ltr'><strong>complexa,</strong></span> <span class='ocrx_word' id='word_1_39' title='bbox 814 1444 968 1516; x_wconf 77' lang='lat' dir='ltr'><strong>tribusque</strong></span> 
     </span>
    </p>

    <p class='ocr_par' dir='ltr' id='par_1_6' title="bbox 466 1528 969 1587">
     <span class='ocr_line' id='line_1_8' title="bbox 466 1528 969 1587; baseline -0.008 0"><span class='ocrx_word' id='word_1_40' title='bbox 466 1530 598 1587; x_wconf 83' lang='lat' dir='ltr'><strong>habitata</strong></span> <span class='ocrx_word' id='word_1_41' title='bbox 608 1529 785 1586; x_wconf 88' lang='lat' dir='ltr'><strong>nationibus.</strong></span> <span class='ocrx_word' id='word_1_42' title='bbox 796 1528 828 1583; x_wconf 90' lang='lat' dir='ltr'><strong>in</strong></span> <span class='ocrx_word' id='word_1_43' title='bbox 839 1532 969 1583; x_wconf 81' lang='lat' dir='ltr'><strong>extrema</strong></span> 
     </span>
    </p>

    <p class='ocr_par' dir='ltr' id='par_1_7' title="bbox 468 1612 969 1686">
     <span class='ocr_line' id='line_1_9' title="bbox 468 1612 969 1686; baseline -0.006 -17"><span class='ocrx_word' id='word_1_44' title='bbox 468 1614 605 1671; x_wconf 85' lang='lat' dir='ltr'><strong>orientali</strong></span> <span class='ocrx_word' id='word_1_45' title='bbox 627 1614 725 1686; x_wconf 88' lang='lat' dir='ltr'><strong>plaga,</strong></span> <span class='ocrx_word' id='word_1_46' title='bbox 751 1612 803 1667; x_wconf 86' lang='lat' dir='ltr'><strong>ubi</strong></span> <span class='ocrx_word' id='word_1_47' title='bbox 831 1629 969 1683; x_wconf 87' lang='lat' dir='ltr'><strong>proruun-</strong></span> 
     </span>
    </p>

    <p class='ocr_par' dir='ltr' id='par_1_8' title="bbox 466 1694 969 1769">
     <span class='ocr_line' id='line_1_10' title="bbox 466 1694 969 1769; baseline -0.008 -15"><span class='ocrx_word' id='word_1_48' title='bbox 466 1699 543 1754; x_wconf 89' lang='lat' dir='ltr'><strong>toria</strong></span> <span class='ocrx_word' id='word_1_49' title='bbox 566 1698 704 1755; x_wconf 82' lang='lat' dir='ltr'><strong>Orellum</strong></span> <span class='ocrx_word' id='word_1_50' title='bbox 732 1702 764 1753; x_wconf 91' lang='lat' dir='ltr'><strong>et</strong></span> <span class='ocrx_word' id='word_1_51' title='bbox 792 1694 969 1769; x_wconf 88' lang='lat' dir='ltr'><strong>Brigantum</strong></span> 
     </span>
    </p>

    <p class='ocr_par' dir='ltr' id='par_1_9' title="bbox 467 1782 968 1852">
     <span class='ocr_line' id='line_1_11' title="bbox 467 1782 968 1852; baseline -0.006 -14"><span class='ocrx_word' id='word_1_52' title='bbox 467 1786 599 1838; x_wconf 76' lang='lat' dir='ltr'><strong>extrem</strong></span> <span class='ocrx_word' id='word_1_53' title='bbox 620 1782 654 1837; x_wconf 92' lang='lat' dir='ltr'><strong>in</strong></span> <span class='ocrx_word' id='word_1_54' title='bbox 676 1798 758 1837; x_wconf 89' lang='lat' dir='ltr'><strong>mare</strong></span> <span class='ocrx_word' id='word_1_55' title='bbox 781 1784 968 1852; x_wconf 82' lang='lat' dir='ltr'><strong>procurrunt,</strong></span> 
     </span>
    </p>

    <p class='ocr_par' dir='ltr' id='par_1_10' title="bbox 468 1864 970 1934">
     <span class='ocr_line' id='line_1_12' title="bbox 468 1864 970 1934; baseline -0.006 -13"><span class='ocrx_word' id='word_1_56' title='bbox 468 1864 639 1921; x_wconf 84' lang='lat' dir='ltr'><strong>babitabant</strong></span> <span class='ocrx_word' id='word_1_57' title='bbox 678 1864 796 1928; x_wconf 89' lang='lat' dir='ltr'><strong>Parisii,</strong></span> <span class='ocrx_word' id='word_1_58' title='bbox 844 1880 970 1934; x_wconf 88' lang='lat' dir='ltr'><strong>quornm</strong></span> 
     </span>
    </p>

    <p class='ocr_par' dir='ltr' id='par_1_11' title="bbox 467 1946 967 2005">
     <span class='ocr_line' id='line_1_13' title="bbox 467 1946 967 2005; baseline -0.012 0"><span class='ocrx_word' id='word_1_59' title='bbox 467 1950 556 2005; x_wconf 90' lang='lat' dir='ltr'><strong>urbes</strong></span> <span class='ocrx_word' id='word_1_60' title='bbox 568 1948 709 2004; x_wconf 85' lang='lat' dir='ltr'><strong>Petuaria</strong></span> <span class='ocrx_word' id='word_1_61' title='bbox 719 1952 750 2001; x_wconf 90' lang='lat' dir='ltr'><strong>et</strong></span> <span class='ocrx_word' id='word_1_62' title='bbox 758 1947 866 2002; x_wconf 87' lang='lat' dir='ltr'><strong>Portus</strong></span> <span class='ocrx_word' id='word_1_63' title='bbox 875 1946 967 2001; x_wconf 78' lang='lat' dir='ltr'><strong>Felix.</strong></span> 
     </span>
    </p>
   </div>
   <div class='ocr_carea' id='block_1_3' title="bbox 467 2078 1528 4826">
    <p class='ocr_par' dir='ltr' id='par_1_12' title="bbox 467 2078 1525 3570">
     <span class='ocr_line' id='line_1_14' title="bbox 503 2078 1521 2153; baseline -0.002 -16"><span class='ocrx_word' id='word_1_64' title='bbox 503 2083 528 2137; x_wconf 94' lang='lat'><strong>1.</strong></span> <span class='ocrx_word' id='word_1_65' title='bbox 544 2084 570 2148; x_wconf 89' lang='lat'><strong>6,</strong></span> <span class='ocrx_word' id='word_1_66' title='bbox 585 2084 600 2153; x_wconf 56' lang='grc' dir='ltr'>ᾗ</span> <span class='ocrx_word' id='word_1_67' title='bbox 614 2080 657 2137; x_wconf 82' lang='lat'><strong>32.</strong></span> <span class='ocrx_word' id='word_1_68' title='bbox 696 2080 792 2151; x_wconf 85' lang='lat' dir='ltr'><strong>Supra</strong></span> <span class='ocrx_word' id='word_1_69' title='bbox 807 2080 870 2143; x_wconf 87' lang='lat' dir='ltr'><strong>bos,</strong></span> <span class='ocrx_word' id='word_1_70' title='bbox 884 2078 971 2133; x_wconf 90' lang='lat' dir='ltr'><strong>utiet</strong></span> <span class='ocrx_word' id='word_1_71' title='bbox 1053 2078 1130 2133; x_wconf 88' lang='lat' dir='ltr'><strong>Ptol.</strong></span> <span class='ocrx_word' id='word_1_72' title='bbox 1144 2078 1193 2135; x_wconf 84' lang='lat' dir='ltr'><strong>xiv</strong></span> <span class='ocrx_word' id='word_1_73' title='bbox 1215 2097 1240 2133; x_wconf 88' lang='lat' dir='ltr'><strong>a.</strong></span> <span class='ocrx_word' id='word_1_74' title='bbox 1260 2096 1359 2134; x_wconf 85' lang='lat' dir='ltr'><strong>names</strong></span> <span class='ocrx_word' id='word_1_75' title='bbox 1379 2080 1418 2134; x_wconf 86' lang='lat' dir='ltr'><strong>all</strong></span> <span class='ocrx_word' id='word_1_76' title='bbox 1436 2080 1521 2137; x_wconf 87' lang='lat' dir='ltr'><strong>these</strong></span> 
     </span>
     <span class='ocr_line' id='line_1_15' title="bbox 467 2158 1522 2233; baseline -0.003 -12"><span class='ocrx_word' id='word_1_77' title='bbox 467 2164 506 2221; x_wconf 89' lang='lat' dir='ltr'><strong>ad</strong></span> <span class='ocrx_word' id='word_1_78' title='bbox 523 2166 611 2231; x_wconf 88' lang='lat' dir='ltr'><strong>latus,</strong></span> <span class='ocrx_word' id='word_1_79' title='bbox 626 2164 676 2221; x_wconf 86' lang='lat' dir='ltr'><strong>siti</strong></span> <span class='ocrx_word' id='word_1_80' title='bbox 694 2168 778 2219; x_wconf 89' lang='lat' dir='ltr'><strong>erant</strong></span> <span class='ocrx_word' id='word_1_81' title='bbox 795 2158 912 2233; x_wconf 70' lang='lat' dir='ltr'><strong>proprie</strong></span> <span class='ocrx_word' id='word_1_82' title='bbox 927 2162 970 2215; x_wconf 88' lang='lat' dir='ltr'><strong>sic</strong></span> <span class='ocrx_word' id='word_1_83' title='bbox 1018 2168 1110 2217; x_wconf 81' lang='lat' dir='ltr'><strong>towns</strong></span> <span class='ocrx_word' id='word_1_84' title='bbox 1123 2162 1156 2216; x_wconf 85' lang='lat' dir='ltr'><strong>oi</strong></span> <span class='ocrx_word' id='word_1_85' title='bbox 1168 2160 1218 2217; x_wconf 90' lang='lat' dir='ltr'><strong>the</strong></span> <span class='ocrx_word' id='word_1_86' title='bbox 1231 2160 1396 2233; x_wconf 71' lang='lat' dir='ltr'><strong>Brigantes.</strong></span> <span class='ocrx_word' id='word_1_87' title='bbox 1436 2162 1522 2219; x_wconf 81' lang='lat' dir='ltr'><strong>Oum-</strong></span> 
     </span>
     <span class='ocr_line' id='line_1_16' title="bbox 468 2244 1521 2322; baseline -0.005 -16"><span class='ocrx_word' id='word_1_88' title='bbox 468 2250 541 2306; x_wconf 89' lang='lat' dir='ltr'><strong>dicti</strong></span> <span class='ocrx_word' id='word_1_89' title='bbox 553 2248 722 2322; x_wconf 72' lang='lat' dir='ltr'><strong>Brigantes,</strong></span> <span class='ocrx_word' id='word_1_90' title='bbox 743 2264 817 2319; x_wconf 91' lang='lat' dir='ltr'><strong>gens</strong></span> <span class='ocrx_word' id='word_1_91' title='bbox 835 2262 971 2301; x_wconf 88' lang='lat' dir='ltr'><strong>numero·</strong></span> <span class='ocrx_word' id='word_1_92' title='bbox 1018 2246 1085 2310; x_wconf 87' lang='lat' dir='ltr'><strong>den,</strong></span> <span class='ocrx_word' id='word_1_93' title='bbox 1111 2244 1180 2299; x_wconf 77' lang='lat'><strong>564:</strong></span> <span class='ocrx_word' id='word_1_94' title='bbox 1215 2244 1295 2301; x_wconf 87' lang='lat' dir='ltr'><strong>uliud</strong></span> <span class='ocrx_word' id='word_1_95' title='bbox 1318 2245 1384 2299; x_wconf 87' lang='lat' dir='ltr'><strong>vult</strong></span> <span class='ocrx_word' id='word_1_96' title='bbox 1410 2246 1521 2301; x_wconf 85' lang='lat' dir='ltr'><strong>veritas</strong></span> 
     </span>
     <span class='ocr_line' id='line_1_17' title="bbox 468 2328 1519 2401; baseline -0.002 -12"><span class='ocrx_word' id='word_1_97' title='bbox 468 2335 596 2399; x_wconf 89' lang='lat' dir='ltr'><strong>sissima,</strong></span> <span class='ocrx_word' id='word_1_98' title='bbox 627 2332 683 2389; x_wconf 88' lang='lat' dir='ltr'><strong>toti</strong></span> <span class='ocrx_word' id='word_1_99' title='bbox 711 2331 782 2387; x_wconf 92' lang='lat' dir='ltr'><strong>olim</strong></span> <span class='ocrx_word' id='word_1_100' title='bbox 811 2329 971 2401; x_wconf 84' lang='lat' dir='ltr'><strong>provinciae</strong></span> <span class='ocrx_word' id='word_1_101' title='bbox 1018 2329 1158 2383; x_wconf 90' lang='lat' dir='ltr'><strong>nimirum</strong></span> <span class='ocrx_word' id='word_1_102' title='bbox 1200 2346 1265 2385; x_wconf 86' lang='lat' dir='ltr'><strong>esse</strong></span> <span class='ocrx_word' id='word_1_103' title='bbox 1301 2328 1519 2397; x_wconf 73' lang='lat' dir='ltr'><strong>Gauranum,</strong></span> 
     </span>
     <span class='ocr_line' id='line_1_18' title="bbox 468 2412 1522 2491; baseline -0.004 -18"><span class='ocrx_word' id='word_1_104' title='bbox 468 2418 552 2491; x_wconf 92' lang='lat' dir='ltr'><strong>leges</strong></span> <span class='ocrx_word' id='word_1_105' title='bbox 582 2414 785 2489; x_wconf 68' lang='lat' dir='ltr'><strong>prescribens.</strong></span> <span class='ocrx_word' id='word_1_106' title='bbox 808 2414 856 2469; x_wconf 87' lang='lat' dir='ltr'><strong>his</strong></span> <span class='ocrx_word' id='word_1_107' title='bbox 883 2412 971 2469; x_wconf 74' lang='lat' dir='ltr'><strong>cultae</strong></span> <span class='ocrx_word' id='word_1_108' title='bbox 1020 2414 1097 2485; x_wconf 86' lang='lat' dir='ltr'><strong>quod</strong></span> <span class='ocrx_word' id='word_1_109' title='bbox 1114 2430 1270 2485; x_wconf 80' lang='lat' dir='ltr'><strong>perperam</strong></span> <span class='ocrx_word' id='word_1_110' title='bbox 1287 2412 1448 2469; x_wconf 75' lang='lat' dir='ltr'><strong>Ptolemaeo</strong></span> <span class='ocrx_word' id='word_1_111' title='bbox 1466 2414 1522 2471; x_wconf 77' lang='lat' dir='ltr'><strong>Oa·</strong></span> 
     </span>
     <span class='ocr_line' id='line_1_19' title="bbox 468 2496 1522 2571; baseline -0.005 -13"><span class='ocrx_word' id='word_1_112' title='bbox 468 2502 612 2564; x_wconf 80' lang='lat' dir='ltr'><strong>ciuitates,</strong></span> <span class='ocrx_word' id='word_1_113' title='bbox 632 2499 785 2571; x_wconf 76' lang='lat' dir='ltr'><strong>Epiacum,</strong></span> <span class='ocrx_word' id='word_1_114' title='bbox 798 2496 969 2561; x_wconf 84' lang='lat' dir='ltr'><strong>Vinovium,</strong></span> <span class='ocrx_word' id='word_1_115' title='bbox 1021 2512 1220 2563; x_wconf 61' lang='lat' dir='ltr'><strong>nemausum</strong></span> <span class='ocrx_word' id='word_1_116' title='bbox 1241 2514 1290 2553; x_wconf 88' lang='lat' dir='ltr'><strong>see</strong></span> <span class='ocrx_word' id='word_1_117' title='bbox 1306 2498 1369 2553; x_wconf 85' lang='lat' dir='ltr'><strong>lter</strong></span> <span class='ocrx_word' id='word_1_118' title='bbox 1387 2497 1426 2552; x_wconf 84' lang='lat' dir='ltr'><strong>vi.</strong></span> <span class='ocrx_word' id='word_1_119' title='bbox 1466 2496 1522 2553; x_wconf 83' lang='lat' dir='ltr'><strong>Ga·</strong></span> 
     </span>
     <span class='ocr_line' id='line_1_20' title="bbox 468 2579 1522 2653; baseline -0.004 -12"><span class='ocrx_word' id='word_1_120' title='bbox 468 2584 700 2649; x_wconf 75' lang='lat' dir='ltr'><strong>Cambodunum,</strong></span> <span class='ocrx_word' id='word_1_121' title='bbox 717 2582 901 2646; x_wconf 84' lang='lat' dir='ltr'><strong>Cataracton,</strong></span> <span class='ocrx_word' id='word_1_122' title='bbox 916 2579 972 2637; x_wconf 78' lang='lat' dir='ltr'><strong>Ga·</strong></span> <span class='ocrx_word' id='word_1_123' title='bbox 1021 2582 1116 2636; x_wconf 88' lang='lat' dir='ltr'><strong>lacum</strong></span> <span class='ocrx_word' id='word_1_124' title='bbox 1146 2581 1173 2637; x_wconf 91' lang='lat' dir='ltr'><strong>is</strong></span> <span class='ocrx_word' id='word_1_125' title='bbox 1203 2581 1297 2637; x_wconf 89' lang='lat' dir='ltr'><strong>oalled</strong></span> <span class='ocrx_word' id='word_1_126' title='bbox 1321 2580 1457 2636; x_wconf 77' lang='lat' dir='ltr'><strong>(inlatum</strong></span> <span class='ocrx_word' id='word_1_127' title='bbox 1483 2582 1522 2653; x_wconf 85' lang='lat' dir='ltr'><strong>by</strong></span> 
     </span>
     <span class='ocr_line' id='line_1_21' title="bbox 467 2664 1522 2737; baseline -0.002 -14"><span class='ocrx_word' id='word_1_128' title='bbox 467 2669 574 2733; x_wconf 89' lang='lat' dir='ltr'><strong>lacum,</strong></span> <span class='ocrx_word' id='word_1_129' title='bbox 607 2667 735 2732; x_wconf 86' lang='lat' dir='ltr'><strong>Olicana,</strong></span> <span class='ocrx_word' id='word_1_130' title='bbox 768 2670 799 2721; x_wconf 89' lang='lat' dir='ltr'><strong>et</strong></span> <span class='ocrx_word' id='word_1_131' title='bbox 830 2664 973 2737; x_wconf 88' lang='lat' dir='ltr'><strong>primarie</strong></span> <span class='ocrx_word' id='word_1_132' title='bbox 1020 2665 1095 2721; x_wconf 91' lang='lat' dir='ltr'><strong>Ptol.</strong></span> <span class='ocrx_word' id='word_1_133' title='bbox 1118 2665 1258 2729; x_wconf 76' lang='lat' dir='ltr'><strong>camden,</strong></span> <span class='ocrx_word' id='word_1_134' title='bbox 1273 2666 1341 2719; x_wconf 75' lang='lat'><strong>626:</strong></span> <span class='ocrx_word' id='word_1_135' title='bbox 1364 2665 1522 2721; x_wconf 70' lang='lat' dir='ltr'><strong>Grannona</strong></span> 
     </span>
     <span class='ocr_line' id='line_1_22' title="bbox 468 2746 1522 2821; baseline -0.001 -15"><span class='ocrx_word' id='word_1_136' title='bbox 468 2752 608 2807; x_wconf 86' lang='lat' dir='ltr'><strong>Isurium.</strong></span> <span class='ocrx_word' id='word_1_137' title='bbox 646 2750 811 2805; x_wconf 81' lang='lat' dir='ltr'><strong>Eboracum</strong></span> <span class='ocrx_word' id='word_1_138' title='bbox 830 2746 911 2813; x_wconf 81' lang='lat' dir='ltr'><strong>verb,</strong></span> <span class='ocrx_word' id='word_1_139' title='bbox 935 2747 972 2803; x_wconf 91' lang='lat' dir='ltr'><strong>ad</strong></span> <span class='ocrx_word' id='word_1_140' title='bbox 1020 2749 1180 2815; x_wconf 70' lang='lat' dir='ltr'><strong>Ptolemaei,</strong></span> <span class='ocrx_word' id='word_1_141' title='bbox 1195 2749 1433 2821; x_wconf 86' lang='lat' dir='ltr'><strong>quodAntonino</strong></span> <span class='ocrx_word' id='word_1_142' title='bbox 1448 2750 1522 2805; x_wconf 76' lang='lat' dir='ltr'><strong>Gau·</strong></span> 
     </span>
     <span class='ocr_line' id='line_1_23' title="bbox 467 2830 1522 2905; baseline -0.002 -14"><span class='ocrx_word' id='word_1_143' title='bbox 467 2835 563 2891; x_wconf 85' lang='lat' dir='ltr'><strong>Uram</strong></span> <span class='ocrx_word' id='word_1_144' title='bbox 571 2830 970 2905; x_wconf 77' lang='lat' dir='ltr'><strong>fluriumcaputprovincioe.</strong></span> <span class='ocrx_word' id='word_1_145' title='bbox 1020 2849 1124 2889; x_wconf 76' lang='lat' dir='ltr'><strong>aaron.</strong></span> <span class='ocrx_word' id='word_1_146' title='bbox 1162 2834 1223 2889; x_wconf 80' lang='lat' dir='ltr'><strong>The</strong></span> <span class='ocrx_word' id='word_1_147' title='bbox 1241 2834 1322 2889; x_wconf 82' lang='lat' dir='ltr'><strong>river</strong></span> <span class='ocrx_word' id='word_1_148' title='bbox 1333 2834 1413 2889; x_wconf 86' lang='lat' dir='ltr'><strong>Urus</strong></span> <span class='ocrx_word' id='word_1_149' title='bbox 1427 2851 1522 2891; x_wconf 88' lang='lat' dir='ltr'><strong>seems</strong></span> 
     </span>
     <span class='ocr_line' id='line_1_24' title="bbox 468 2915 1523 2990; baseline 0 -16"><span class='ocrx_word' id='word_1_150' title='bbox 468 2917 596 2990; x_wconf 80' lang='lat' dir='ltr'><strong>primdm</strong></span> <span class='ocrx_word' id='word_1_151' title='bbox 609 2918 723 2974; x_wconf 87' lang='lat' dir='ltr'><strong>colonia</strong></span> <span class='ocrx_word' id='word_1_152' title='bbox 739 2916 855 2972; x_wconf 90' lang='lat' dir='ltr'><strong>nomine</strong></span> <span class='ocrx_word' id='word_1_153' title='bbox 875 2915 971 2972; x_wconf 77' lang='lat' dir='ltr'><strong>sexte</strong></span> <span class='ocrx_word' id='word_1_154' title='bbox 1020 2917 1523 2988; x_wconf 83' lang='lat' dir='ltr'><strong>(asMr.Woodwardsays)tobean</strong></span> 
     </span>
     <span class='ocr_line' id='line_1_25' title="bbox 468 3001 1522 3071; baseline 0.001 -14"><span class='ocrx_word' id='word_1_155' title='bbox 468 3021 486 3057; x_wconf 87' lang='lat' dir='ltr'><strong>a</strong></span> <span class='ocrx_word' id='word_1_156' title='bbox 509 3002 647 3058; x_wconf 85' lang='lat' dir='ltr'><strong>Romanis</strong></span> <span class='ocrx_word' id='word_1_157' title='bbox 677 3003 797 3066; x_wconf 85' lang='lat' dir='ltr'><strong>factum,</strong></span> <span class='ocrx_word' id='word_1_158' title='bbox 823 3005 971 3071; x_wconf 74' lang='lat' dir='ltr'><strong>sextaque</strong></span> <span class='ocrx_word' id='word_1_159' title='bbox 1020 3003 1169 3058; x_wconf 84' lang='lat' dir='ltr'><strong>invention</strong></span> <span class='ocrx_word' id='word_1_160' title='bbox 1185 3003 1219 3057; x_wconf 74' lang='lat' dir='ltr'><strong>ol*</strong></span> <span class='ocrx_word' id='word_1_161' title='bbox 1234 3001 1407 3067; x_wconf 84' lang='lat' dir='ltr'><strong>Gamdeu&#39;s;</strong></span> <span class='ocrx_word' id='word_1_162' title='bbox 1427 3003 1451 3057; x_wconf 89' lang='lat' dir='ltr'><strong>it</strong></span> <span class='ocrx_word' id='word_1_163' title='bbox 1462 3021 1522 3058; x_wconf 81' lang='lat' dir='ltr'><strong>uas</strong></span> 
     </span>
     <span class='ocr_line' id='line_1_26' title="bbox 469 3083 1520 3158; baseline -0.002 -16"><span class='ocrx_word' id='word_1_164' title='bbox 469 3086 574 3143; x_wconf 85' lang='lat' dir='ltr'><strong>deinde</strong></span> <span class='ocrx_word' id='word_1_165' title='bbox 603 3085 739 3158; x_wconf 81' lang='lat' dir='ltr'><strong>legionis,</strong></span> <span class='ocrx_word' id='word_1_166' title='bbox 768 3102 833 3156; x_wconf 83' lang='lat' dir='ltr'><strong>quae</strong></span> <span class='ocrx_word' id='word_1_167' title='bbox 857 3083 972 3140; x_wconf 83' lang='lat' dir='ltr'><strong>Victrix</strong></span> <span class='ocrx_word' id='word_1_168' title='bbox 1020 3085 1228 3157; x_wconf 86' lang='lat' dir='ltr'><strong>calledUsaby</strong></span> <span class='ocrx_word' id='word_1_169' title='bbox 1237 3086 1389 3142; x_wconf 86' lang='lat' dir='ltr'><strong>mediaeval</strong></span> <span class='ocrx_word' id='word_1_170' title='bbox 1397 3085 1520 3142; x_wconf 85' lang='lat' dir='ltr'><strong>writers.</strong></span> 
     </span>
     <span class='ocr_line' id='line_1_27' title="bbox 470 3165 1523 3240; baseline -0.002 -14"><span class='ocrx_word' id='word_1_171' title='bbox 470 3171 630 3235; x_wconf 79' lang='lat' dir='ltr'><strong>dicebatur,</strong></span> <span class='ocrx_word' id='word_1_172' title='bbox 645 3170 739 3225; x_wconf 84' lang='lat' dir='ltr'><strong>sedes.</strong></span> <span class='ocrx_word' id='word_1_173' title='bbox 754 3168 892 3239; x_wconf 86' lang='lat' dir='ltr'><strong>deinceps</strong></span> <span class='ocrx_word' id='word_1_174' title='bbox 901 3165 971 3222; x_wconf 80' lang='lat' dir='ltr'><strong>verb</strong></span> <span class='ocrx_word' id='word_1_175' title='bbox 1020 3169 1159 3236; x_wconf 83' lang='lat' dir='ltr'><strong>Oamden,</strong></span> <span class='ocrx_word' id='word_1_176' title='bbox 1173 3169 1235 3234; x_wconf 81' lang='lat'><strong>571,</strong></span> <span class='ocrx_word' id='word_1_177' title='bbox 1250 3169 1318 3225; x_wconf 78' lang='lat'><strong>572:</strong></span> <span class='ocrx_word' id='word_1_178' title='bbox 1338 3170 1424 3234; x_wconf 80' lang='lat' dir='ltr'><strong>Urna,</strong></span> <span class='ocrx_word' id='word_1_179' title='bbox 1436 3187 1523 3240; x_wconf 88' lang='lat' dir='ltr'><strong>quem</strong></span> 
     </span>
     <span class='ocr_line' id='line_1_28' title="bbox 468 3252 1524 3326; baseline 0 -18"><span class='ocrx_word' id='word_1_180' title='bbox 468 3254 599 3326; x_wconf 89' lang='lat' dir='ltr'><strong>plurium</strong></span> <span class='ocrx_word' id='word_1_181' title='bbox 640 3252 858 3325; x_wconf 88' lang='lat' dir='ltr'><strong>Imperatorum</strong></span> <span class='ocrx_word' id='word_1_182' title='bbox 899 3269 972 3323; x_wconf 77' lang='lat' dir='ltr'><strong>praa·</strong></span> <span class='ocrx_word' id='word_1_183' title='bbox 1022 3255 1148 3311; x_wconf 84' lang='lat' dir='ltr'><strong>Saxones</strong></span> <span class='ocrx_word' id='word_1_184' title='bbox 1184 3253 1243 3308; x_wconf 91' lang='lat' dir='ltr'><strong>iam</strong></span> <span class='ocrx_word' id='word_1_185' title='bbox 1277 3253 1352 3309; x_wconf 77' lang='lat' dir='ltr'><strong>Oura</strong></span> <span class='ocrx_word' id='word_1_186' title='bbox 1387 3253 1524 3308; x_wconf 90' lang='lat' dir='ltr'><strong>dixerunt</strong></span> 
     </span>
     <span class='ocr_line' id='line_1_29' title="bbox 470 3335 1524 3406; baseline 0 -14"><span class='ocrx_word' id='word_1_187' title='bbox 470 3338 564 3392; x_wconf 87' lang='lat' dir='ltr'><strong>sentia</strong></span> <span class='ocrx_word' id='word_1_188' title='bbox 587 3336 731 3392; x_wconf 86' lang='lat' dir='ltr'><strong>illustrior</strong></span> <span class='ocrx_word' id='word_1_189' title='bbox 756 3335 825 3406; x_wconf 82' lang='lat' dir='ltr'><strong>[sic]</strong></span> <span class='ocrx_word' id='word_1_190' title='bbox 850 3336 970 3399; x_wconf 83' lang='lat' dir='ltr'><strong>factum,</strong></span> <span class='ocrx_word' id='word_1_191' title='bbox 1022 3381 1027 3394; x_wconf 89' lang='lat'><em>.</em></span> <span class='ocrx_word' id='word_1_192' title='bbox 1069 3379 1074 3394; x_wconf 93' lang='lat'>.</span> <span class='ocrx_word' id='word_1_193' title='bbox 1115 3379 1121 3392; x_wconf 94' lang='lat'><em>.</em></span> <span class='ocrx_word' id='word_1_194' title='bbox 1162 3379 1168 3392; x_wconf 94' lang='lat'><strong><em>.</em></strong></span> <span class='ocrx_word' id='word_1_195' title='bbox 1206 3339 1295 3393; x_wconf 88' lang='lat' dir='ltr'><strong>liceat</strong></span> <span class='ocrx_word' id='word_1_196' title='bbox 1323 3344 1422 3393; x_wconf 83' lang='lat' dir='ltr'><strong>tamen</strong></span> <span class='ocrx_word' id='word_1_197' title='bbox 1451 3337 1524 3392; x_wconf 90' lang='lat' dir='ltr'><strong>mibi</strong></span> 
     </span>
     <span class='ocr_line' id='line_1_30' title="bbox 468 3419 1525 3493; baseline 0.003 -20"><span class='ocrx_word' id='word_1_198' title='bbox 468 3419 619 3490; x_wconf 90' lang='lat' dir='ltr'><strong>municipii</strong></span> <span class='ocrx_word' id='word_1_199' title='bbox 631 3437 747 3489; x_wconf 90' lang='lat' dir='ltr'><strong>qnoque</strong></span> <span class='ocrx_word' id='word_1_200' title='bbox 766 3424 886 3474; x_wconf 86' lang='lat' dir='ltr'><strong>auotnm</strong></span> <span class='ocrx_word' id='word_1_201' title='bbox 901 3437 973 3490; x_wconf 76' lang='lat' dir='ltr'><strong>pras·</strong></span> <span class='ocrx_word' id='word_1_202' title='bbox 1021 3421 1132 3492; x_wconf 87' lang='lat' dir='ltr'><strong>opinari</strong></span> <span class='ocrx_word' id='word_1_203' title='bbox 1144 3421 1206 3476; x_wconf 85' lang='lat' dir='ltr'><strong>sine</strong></span> <span class='ocrx_word' id='word_1_204' title='bbox 1219 3421 1344 3475; x_wconf 89' lang='lat' dir='ltr'><strong>aliorum</strong></span> <span class='ocrx_word' id='word_1_205' title='bbox 1355 3421 1525 3493; x_wconf 72' lang='lat' dir='ltr'><strong>praeiudicio</strong></span> 
     </span>
     <span class='ocr_line' id='line_1_31' title="bbox 470 3499 1523 3570; baseline 0.007 -17"><span class='ocrx_word' id='word_1_206' title='bbox 470 3499 620 3570; x_wconf 79' lang='lat' dir='ltr'><strong>rogatiris.</strong></span> <span class='ocrx_word' id='word_1_207' title='bbox 1020 3520 1078 3556; x_wconf 91' lang='lat' dir='ltr'><strong>non</strong></span> <span class='ocrx_word' id='word_1_208' title='bbox 1115 3502 1232 3556; x_wconf 85' lang='lat' dir='ltr'><strong>aliunde</strong></span> <span class='ocrx_word' id='word_1_209' title='bbox 1272 3504 1435 3560; x_wconf 80' lang='lat' dir='ltr'><strong>Esuuacnn</strong></span> <span class='ocrx_word' id='word_1_210' title='bbox 1474 3506 1523 3560; x_wconf 89' lang='lat' dir='ltr'><strong>de-</strong></span> 
     </span>
    </p>

    <p class='ocr_par' dir='ltr' id='par_1_13' title="bbox 997 3584 1528 4826">
     <span class='ocr_line' id='line_1_32' title="bbox 1020 3584 1524 3654; baseline 0.016 -16"><span class='ocrx_word' id='word_1_211' title='bbox 1020 3584 1141 3638; x_wconf 88' lang='lat' dir='ltr'><strong>ductum</strong></span> <span class='ocrx_word' id='word_1_212' title='bbox 1165 3601 1253 3654; x_wconf 89' lang='lat' dir='ltr'><strong>quam</strong></span> <span class='ocrx_word' id='word_1_213' title='bbox 1272 3586 1308 3640; x_wconf 84' lang='lat' dir='ltr'><strong>ab</strong></span> <span class='ocrx_word' id='word_1_214' title='bbox 1329 3587 1386 3642; x_wconf 86' lang='lat' dir='ltr'><strong>Uro</strong></span> <span class='ocrx_word' id='word_1_215' title='bbox 1404 3589 1524 3646; x_wconf 87' lang='lat' dir='ltr'><strong>flumine</strong></span> 
     </span>
     <span class='ocr_line' id='line_1_33' title="bbox 1022 3667 1525 3728; baseline 0.016 -7"><span class='ocrx_word' id='word_1_216' title='bbox 1022 3706 1029 3721; x_wconf 92' lang='lat'><strong>.</strong></span> <span class='ocrx_word' id='word_1_217' title='bbox 1070 3707 1076 3722; x_wconf 91' lang='lat'>.</span> <span class='ocrx_word' id='word_1_218' title='bbox 1117 3707 1123 3722; x_wconf 93' lang='lat'>.</span> <span class='ocrx_word' id='word_1_219' title='bbox 1171 3667 1376 3724; x_wconf 79' lang='lat' dir='ltr'><strong>Certissimum</strong></span> <span class='ocrx_word' id='word_1_220' title='bbox 1401 3678 1447 3727; x_wconf 90' lang='lat' dir='ltr'><strong>est</strong></span> <span class='ocrx_word' id='word_1_221' title='bbox 1470 3673 1525 3728; x_wconf 88' lang='lat' dir='ltr'><strong>Lo·</strong></span> 
     </span>
     <span class='ocr_line' id='line_1_34' title="bbox 1021 3749 1521 3822; baseline 0.012 -16"><span class='ocrx_word' id='word_1_222' title='bbox 1021 3749 1139 3822; x_wconf 74' lang='lat' dir='ltr'><strong>gionm</strong></span> <span class='ocrx_word' id='word_1_223' title='bbox 1151 3751 1270 3808; x_wconf 84' lang='lat' dir='ltr'><strong>Sextum</strong></span> <span class='ocrx_word' id='word_1_224' title='bbox 1281 3753 1475 3810; x_wconf 85' lang='lat' dir='ltr'><strong>Victricem.</strong></span> <span class='ocrx_word' id='word_1_225' title='bbox 1515 3799 1521 3812; x_wconf 92' lang='lat'>.</span> 
     </span>
     <span class='ocr_line' id='line_1_35' title="bbox 1020 3835 1523 3910; baseline 0.014 -20"><span class='ocrx_word' id='word_1_226' title='bbox 1020 3836 1070 3890; x_wconf 90' lang='lat' dir='ltr'><strong>bio</strong></span> <span class='ocrx_word' id='word_1_227' title='bbox 1100 3835 1254 3892; x_wconf 83' lang='lat' dir='ltr'><strong>stationem</strong></span> <span class='ocrx_word' id='word_1_228' title='bbox 1285 3839 1392 3910; x_wconf 89' lang='lat' dir='ltr'><strong>egisse,</strong></span> <span class='ocrx_word' id='word_1_229' title='bbox 1419 3841 1523 3898; x_wconf 81' lang='lat' dir='ltr'><strong>Roma·</strong></span> 
     </span>
     <span class='ocr_line' id='line_1_36' title="bbox 1020 3921 1523 3991; baseline 0.014 -17"><span class='ocrx_word' id='word_1_230' title='bbox 1020 3937 1184 3991; x_wconf 76' lang='lat' dir='ltr'><strong>nouumque</strong></span> <span class='ocrx_word' id='word_1_231' title='bbox 1228 3921 1379 3978; x_wconf 79' lang='lat' dir='ltr'><strong>Coloniam</strong></span> <span class='ocrx_word' id='word_1_232' title='bbox 1421 3925 1523 3990; x_wconf 78' lang='lat' dir='ltr'><strong>fuisse,</strong></span> 
     </span>
     <span class='ocr_line' id='line_1_37' title="bbox 1021 4004 1526 4064; baseline 0.008 -4"><span class='ocrx_word' id='word_1_233' title='bbox 1021 4021 1089 4060; x_wconf 89' lang='lat' dir='ltr'><strong>cum</strong></span> <span class='ocrx_word' id='word_1_234' title='bbox 1111 4021 1147 4059; x_wconf 85' lang='lat' dir='ltr'><strong>ex</strong></span> <span class='ocrx_word' id='word_1_235' title='bbox 1165 4004 1319 4060; x_wconf 84' lang='lat' dir='ltr'><strong>Ptolemaei</strong></span> <span class='ocrx_word' id='word_1_236' title='bbox 1341 4011 1371 4061; x_wconf 88' lang='lat' dir='ltr'><strong>et</strong></span> <span class='ocrx_word' id='word_1_237' title='bbox 1386 4005 1526 4064; x_wconf 82' lang='lat' dir='ltr'><strong>Antonini</strong></span> 
     </span>
     <span class='ocr_line' id='line_1_38' title="bbox 1021 4088 1526 4154; baseline 0.008 -10"><span class='ocrx_word' id='word_1_238' title='bbox 1021 4088 1208 4154; x_wconf 85' lang='lat' dir='ltr'><strong>authoritate,</strong></span> <span class='ocrx_word' id='word_1_239' title='bbox 1241 4094 1303 4144; x_wconf 87' lang='lat' dir='ltr'><strong>tum</strong></span> <span class='ocrx_word' id='word_1_240' title='bbox 1341 4109 1375 4145; x_wconf 89' lang='lat' dir='ltr'><strong>ex</strong></span> <span class='ocrx_word' id='word_1_241' title='bbox 1408 4095 1526 4148; x_wconf 78' lang='lat' dir='ltr'><strong>vetusta</strong></span> 
     </span>
     <span class='ocr_line' id='line_1_39' title="bbox 1021 4173 1525 4244; baseline 0.008 -18"><span class='ocrx_word' id='word_1_242' title='bbox 1021 4173 1210 4244; x_wconf 85' lang='lat' dir='ltr'><strong>inscriptione</strong></span> <span class='ocrx_word' id='word_1_243' title='bbox 1237 4213 1242 4228; x_wconf 93' lang='lat'>.</span> <span class='ocrx_word' id='word_1_244' title='bbox 1282 4213 1288 4228; x_wconf 89' lang='lat'><strong>.</strong></span> <span class='ocrx_word' id='word_1_245' title='bbox 1328 4213 1334 4227; x_wconf 88' lang='lat'><strong>.</strong></span> <span class='ocrx_word' id='word_1_246' title='bbox 1363 4191 1475 4230; x_wconf 82' lang='lat' dir='ltr'><strong>necnon</strong></span> <span class='ocrx_word' id='word_1_247' title='bbox 1488 4193 1525 4230; x_wconf 83' lang='lat' dir='ltr'><strong>ex</strong></span> 
     </span>
     <span class='ocr_line' id='line_1_40' title="bbox 1023 4254 1525 4327; baseline 0.008 -17"><span class='ocrx_word' id='word_1_248' title='bbox 1023 4255 1126 4311; x_wconf 84' lang='lat' dir='ltr'><strong>Severi</strong></span> <span class='ocrx_word' id='word_1_249' title='bbox 1144 4254 1335 4327; x_wconf 86' lang='lat' dir='ltr'><strong>Imperatoris</strong></span> <span class='ocrx_word' id='word_1_250' title='bbox 1356 4273 1476 4313; x_wconf 87' lang='lat' dir='ltr'><strong>nummo</strong></span> <span class='ocrx_word' id='word_1_251' title='bbox 1494 4259 1525 4313; x_wconf 90' lang='lat' dir='ltr'><strong>in</strong></span> 
     </span>
     <span class='ocr_line' id='line_1_41' title="bbox 1021 4338 1524 4412; baseline 0.018 -22"><span class='ocrx_word' id='word_1_252' title='bbox 1021 4338 1106 4392; x_wconf 84' lang='lat' dir='ltr'><strong>cuius</strong></span> <span class='ocrx_word' id='word_1_253' title='bbox 1115 4345 1200 4408; x_wconf 86' lang='lat' dir='ltr'><strong>parte</strong></span> <span class='ocrx_word' id='word_1_254' title='bbox 1212 4357 1317 4396; x_wconf 86' lang='lat' dir='ltr'><strong>aversa</strong></span> <span class='ocrx_word' id='word_1_255' title='bbox 1328 4341 1448 4412; x_wconf 88' lang='lat' dir='ltr'><strong>legitur,</strong></span> <span class='ocrx_word' id='word_1_256' title='bbox 1457 4342 1524 4399; x_wconf 79' lang='lat' dir='ltr'><strong>Gon.</strong></span> 
     </span>
     <span class='ocr_line' id='line_1_42' title="bbox 1020 4435 1523 4483; baseline 0.016 -8"><span class='ocrx_word' id='word_1_257' title='bbox 1020 4435 1176 4475; x_wconf 72' lang='lat' dir='ltr'><strong>uaousoun</strong></span> <span class='ocrx_word' id='word_1_258' title='bbox 1222 4437 1283 4476; x_wconf 81' lang='lat' dir='ltr'><strong>use.</strong></span> <span class='ocrx_word' id='word_1_259' title='bbox 1324 4439 1363 4478; x_wconf 82' lang='lat' dir='ltr'><strong>vr.</strong></span> <span class='ocrx_word' id='word_1_260' title='bbox 1399 4439 1523 4483; x_wconf 77' lang='lat' dir='ltr'><strong>vrcmx.</strong></span> 
     </span>
     <span class='ocr_line' id='line_1_43' title="bbox 1021 4503 1525 4566; baseline 0.014 -7"><span class='ocrx_word' id='word_1_261' title='bbox 1021 4503 1106 4560; x_wconf 90' lang='lat' dir='ltr'><strong>Unde</strong></span> <span class='ocrx_word' id='word_1_262' title='bbox 1124 4523 1196 4560; x_wconf 85' lang='lat' dir='ltr'><strong>vero</strong></span> <span class='ocrx_word' id='word_1_263' title='bbox 1207 4505 1310 4562; x_wconf 84' lang='lat' dir='ltr'><strong>Victor</strong></span> <span class='ocrx_word' id='word_1_264' title='bbox 1328 4509 1359 4562; x_wconf 91' lang='lat' dir='ltr'><strong>in</strong></span> <span class='ocrx_word' id='word_1_265' title='bbox 1375 4509 1525 4566; x_wconf 83' lang='lat' dir='ltr'><strong>Oaesarum</strong></span> 
     </span>
     <span class='ocr_line' id='line_1_44' title="bbox 1023 4588 1527 4659; baseline 0.016 -18"><span class='ocrx_word' id='word_1_266' title='bbox 1023 4588 1527 4659; x_wconf 76' lang='lat' dir='ltr'><strong>historia[20§27]Eboraoum,Bri·</strong></span> 
     </span>
     <span class='ocr_line' id='line_1_45' title="bbox 1021 4672 1527 4750; baseline 0.018 -24"><span class='ocrx_word' id='word_1_267' title='bbox 1021 4672 1325 4746; x_wconf 72' lang='lat' dir='ltr'><strong>tanniaeMunioipium</strong></span> <span class='ocrx_word' id='word_1_268' title='bbox 1333 4677 1449 4743; x_wconf 81' lang='lat' dir='ltr'><strong>dixerit,</strong></span> <span class='ocrx_word' id='word_1_269' title='bbox 1459 4683 1527 4750; x_wconf 81' lang='lat' dir='ltr'><strong>peto</strong></span> 
     </span>
     <span class='ocr_line' id='line_1_46' title="bbox 997 4750 1528 4826; baseline 0.019 -18"><span class='ocrx_word' id='word_1_270' title='bbox 997 4750 1055 4809; x_wconf 82' lang='lat' dir='ltr'><strong>lut</strong></span> <span class='ocrx_word' id='word_1_271' title='bbox 1078 4755 1258 4826; x_wconf 69' lang='lat' dir='ltr'><strong>deliberem</strong></span> <span class='ocrx_word' id='word_1_272' title='bbox 1290 4760 1348 4816; x_wconf 86' lang='lat' dir='ltr'><strong>uisi</strong></span> <span class='ocrx_word' id='word_1_273' title='bbox 1371 4762 1528 4818; x_wconf 86' lang='lat' dir='ltr'><strong>maluerint</strong></span> 
     </span>
    </p>
   </div>
   <div class='ocr_carea' id='block_1_4' title="bbox 0 0 1798 5800">
    <p class='ocr_par' dir='ltr' id='par_1_14' title="bbox 0 0 1798 5800">
     <span class='ocr_line' id='line_1_47' title="bbox 0 0 1798 5800; baseline 0 0"><span class='ocrx_word' id='word_1_274' title='bbox 0 0 1798 5800; x_wconf 95' lang='lat' dir='ltr'><strong> </strong></span> 
     </span>
    </p>
   </div>
  </div>
 </body>
</html>
