3567 5800
289 1088 356 1141 Anci
375 1086 447 1139 sisoi·

287 1156 331 1206 the
343 1105 386 1207 lie

290 1223 354 1273 Situ.

456 902 565 969 xxviii
904 916 1070 971 esuriet.

456 1110 537 1149 moro
560 1092 687 1164 vulgari,
710 1091 861 1158 vocabunt¹
887 1108 960 1165 quo·
1044 1092 1208 1151 Jorusndes
1222 1092 1260 1149 de
1272 1091 1348 1149 Bell.
1363 1092 1428 1149 Get.
1448 1110 1474 1149 c.
1488 1092 1515 1159 2,

455 1197 522 1236 rum
535 1177 649 1235 salcetis
662 1176 764 1234 axibus
777 1178 945 1238 utebantur.
1008 1178 1118 1233 odfin.
1162 1177 1230 1234 Non
1248 1181 1364 1234 tentum
1382 1177 1516 1250 equitatu

1007 1263 1056 1318 vel
1068 1262 1176 1333 pedite,
1200 1262 1414 1318 verumetiam
1435 1261 1517 1332 bigis

1010 1345 1205 1416 curribusque
1214 1344 1340 1410 falcatis,
1351 1363 1424 1417 quos
1436 1361 1517 1400 more

880 1468 896 1499 .
1010 1429 1129 1500 vulgari
1142 1430 1262 1486 essedas
1274 1436 1390 1486 vocant.

492 1581 518 1637 1.
533 1583 559 1646 3,
574 1585 589 1651 i
605 1580 648 1636 15.
676 1576 751 1635 Ante
760 1578 960 1635 Romanorum
982 1569 985 1626 i
1044 1576 1153 1641 Cursor,
1167 1574 1203 1631 B.
1218 1574 1254 1631 G.
1268 1574 1308 1633 vi.
1324 1575 1368 1640 15,
1384 1580 1418 1646 ἐς
1439 1576 1466 1640 1,
1490 1574 1517 1629 2.

458 1665 625 1724 adventum.

494 1892 650 1964 I.3,§16.
701 1890 737 1945 Iu
768 1890 867 1962 pedite
899 1894 987 1963 eret?

457 1970 626 2035 Brittonum
656 1975 757 2039 robur,
788 1973 962 2045 proeliantur

457 2068 555 2122 autem
568 2060 635 2114 telis
654 2064 684 2113 et
708 2056 878 2126 ingentibus
900 2055 962 2126 gla-

458 2145 515 2199 diis
535 2149 565 2197 et
594 2140 734 2197 brevibus
759 2140 858 2194 cetris,
879 2143 963 2193 erunt

458 2228 626 2285 Brittonnm
651 2223 754 2295 gladii,
766 2228 800 2277 ut
819 2223 861 2278 ait
879 2222 962 2277 'Paci-

456 2318 516 2378 tus,
530 2310 594 2365 eine
607 2323 755 2363 mucrone.

495 2526 649 2597 Lusit.
682 2530 716 2581 ut
734 2524 835 2581 Oaesar
854 2523 886 2578 in
906 2522 961 2579 IV.

458 2618 559 2669 narret
585 2652 591 2667 .
632 2651 638 2665 .
679 2651 685 2665 .
712 2608 837 2682 pedibus
850 2606 963 2678 dispcri

458 2697 563 2771 proelio
576 2693 765 2752 contendunt.

495 2842 652 2914 1.3,§18.
690 2838 867 2914 Equestris.
907 2878 914 2891 .
954 2876 962 2891 .

428 2923 432 2934 '
461 2929 662 2988 succederent.
736 2923 903 2980 Utebantur
934 2927 965 2978 et

460 3013 531 3072 tes
545 3011 593 3082 (u.
608 3009 688 3082 su).

494 3149 556 3214 1.3‚
568 3147 635 3217 §iit
651 3143 788 3200 Formam
808 3138 964 3212 regiminis

461 3230 625 3294 Brittanici,
657 3227 722 3284 ante
760 3224 898 3282 advectos
934 3223 966 3278 in

459 3320 534 3375 huno
553 3313 681 3372 insulam
699 3311 855 3375 Romanos,
869 3307 966 3363 deter-

460 3403 572 3458 minare
597 3396 677 3453 haud
701 3395 805 3450 focile:
830 3392 885 3448 hoo
903 3406 967 3446 cer-

460 3503 534 3553 uum,
567 3481 645 3554 quod
675 3478 790 3534 nullum
827 3476 869 3532 ibi
902 3474 966 3530 ante

460 3569 524 3624 haeo
548 3571 682 3636 tempora
705 3557 888 3615 Monarchici
912 3556 967 3612 im·

461 3651 537 3726 perii
554 3646 725 3726 vestigium,
744 3642 797 3698 sed
810 3641 967 3696 Democra-

461 3736 554 3792 ticum
583 3732 685 3793 fuisse,
711 3724 809 3798 potiris
839 3724 966 3786 videtur,

461 3805 968 3874 nisiiorteAristocratismoemuiari

461 3901 606 3958 videntur.
650 3893 797 3950 Druidum
822 3891 854 3945 in
877 3890 967 3945 rebus

463 3981 592 4042 maxumi
628 3976 769 4035 momenti
805 3973 967 4031 authoritas

464 4087 522 4126 non
552 4065 668 4138 exiguo.
701 4063 969 4118 commemorantur

464 4154 584 4228 quidem
595 4150 626 4206 in
638 4143 852 4218 antiquissimis
865 4160 968 4198 eorum

464 4235 660 4295 monumentis
700 4229 855 4302 Principes
898 4243 968 4282 non·

464 4319 591 4386 nullibi
603 4316 673 4373 vero
682 4313 826 4370 brevioris
839 4310 968 4382 plerum·

466 4421 523 4476 qne
545 4399 672 4471 imperii,
691 4403 722 4453 et
742 4411 823 4452 more
837 4393 968 4448 Dictato-

464 4505 532 4542 rum
556 4484 753 4538 Romanorum
777 4495 813 4533 ex
836 4482 968 4548 tempore

465 4569 557 4626 oresti
587 4565 736 4628 videntur,
772 4578 827 4617 nec
864 4559 970 4615 desunt

467 4656 544 4709 inter
569 4650 658 4720 ipsos,
684 4645 761 4718 opud
780 4645 853 4700 olias
878 4643 969 4698 fortes

466 4741 580 4810 gentes,
627 4730 778 4787 rarissimu
825 4725 968 4797 exempla,

466 4818 553 4882 electi
565 4817 601 4874 ab
613 4814 674 4872 illis
692 4814 725 4868 iu
745 4811 878 4866 futurum
898 4807 970 4868 onti-

983 1633 986 1725 Ι
1008 1659 1086 1715 Ante
1099 1658 1225 1715 Coesoris
1238 1659 1406 1716 adventum.
1447 1660 1520 1714 Ber·

983 1726 986 1780 i
1008 1749 1085 1799 tram
1097 1742 1178 1808 adds,
1191 1750 1222 1796 ot
1237 1742 1331 1799 Censor
1342 1747 1383 1797 est
1404 1742 1516 1797 certior.

1045 1891 1113 1945 Tac.
1129 1889 1232 1960 Agric.
1255 1890 1299 1943 12.
1355 1889 1394 1943 In
1416 1888 1516 1959 pedite

1011 1974 1119 2029 robur:
1160 1972 1297 2044 quadam
1326 1971 1460 2028 notiones
1489 1977 1520 2027 et

1012 2079 1102 2116 curru
1132 2060 1317 2132 proeliantur.
1366 2058 1443 2113 ibid.
1472 2058 1515 2114 36.

1009 2142 1144 2199 Britanni
1167 2143 1340 2215 ingentibus
1362 2141 1470 2214 gladiis
1488 2147 1518 2196 et

1009 2228 1147 2282 brevibus
1161 2226 1251 2283 ostris
1271 2264 1511 2281 ......

1009 2329 1077 2367 nom
1096 2311 1304 2366 Britannorum
1340 2307 1435 2381 gladii
1455 2307 1517 2363 sine

1012 2412 1160 2451 mucrone.

1048 2528 1158 2591 cesar,
1173 2526 1208 2581 Β.
1224 2525 1260 2580 G.
1276 2525 1315 2580 iv.
1335 2524 1380 2579 33.

1047 2610 1178 2667 Pedibus
1191 2609 1380 2681 proeliantur.

1047 2829 1156 2893 Caesar,
1171 2828 1205 2884 B.
1221 2826 1268 2892 G„
1280 2846 1309 2884 v.
1325 2827 1369 2891 16,
1389 2826 1444 2897 §4-

1051 3130 1212 3186 Bertrom's
1225 3143 1289 3184 own
1303 3125 1397 3180 latin.

1053 3629 1120 3693 Di0,
1140 3627 1229 3684 lxxvi.
1251 3627 1295 3685 12.
1317 3633 1521 3697 δημοκρατοῦνται

1015 3719 1146 3780 destiter
1168 3715 1212 3786 (of
1229 3713 1279 3768 tho
1292 3713 1445 3770 Caledonii
1463 3710 1520 3767 and

1015 3801 1153 3866 Maeatoe).

1052 3883 1198 3938 Druidum
1222 3880 1351 3947 traditio,
1373 3882 1417 3936 De
1441 3879 1518 3945 Situ,

1015 3967 1145 4037 i&§i

1055 4637 1114 4702 Sic,
1128 4635 1252 4692 without
1264 4639 1305 4690 ut.
