3567 5800
493 860 558 923 302
754 870 820 922 are.
844 872 892 921 or
915 870 1051 922 orsnsc.
1074 874 1163 924 seno.
1187 872 1278 924 ursr.

490 1056 606 1122 tentiae
628 1056 754 1137 sedens,
777 1056 953 1143 resignabo
968 1057 1102 1143 quidem
1127 1056 1285 1134 baculum,
1310 1056 1368 1121 sed
1390 1076 1456 1122 non
1470 1056 1545 1135 tibi,

491 1157 548 1223 sed
578 1157 609 1224 ei
637 1156 749 1245 potius
779 1158 872 1224 euius
902 1180 977 1225 eum
1016 1159 1213 1224 auctoritate
1243 1156 1401 1245 susoepi.''
1460 1157 1546 1223 Haeo

367 1322 371 1329 .
491 1282 565 1326 eum
590 1260 740 1342 dixisset,
762 1284 837 1327 oum
862 1261 930 1327 suis
953 1262 1089 1327 aeeessit
1104 1262 1146 1326 ed
1169 1261 1314 1351 lapidem
1337 1282 1405 1347 quo
1426 1260 1547 1347 glorio·

491 1364 627 1431 sissimae
664 1365 751 1452 regis
789 1365 922 1431 exuviae
960 1364 1219 1443 alaudebantur3
1265 1370 1301 1430 et
1337 1371 1432 1431 stans
1468 1370 1548 1430 ente

490 1467 684 1553 sepulerum,
716 1476 735 1505 “
749 1466 801 1533 Tu
827 1468 921 1548 suis,''
946 1468 1066 1555 inquit,
1099 1476 1116 1503 ‘⁴
1132 1468 1263 1534 domine
1292 1468 1341 1533 mi
1371 1466 1548 1549 Edwards,

491 1590 590 1655 quam
620 1570 748 1636 invitus
777 1570 839 1637 hoo
869 1590 952 1637 onus
990 1570 1194 1658 susceperim,
1226 1570 1380 1657 quotiens
1419 1570 1549 1637 subter-

491 1673 640 1760 fugerim,
686 1669 839 1760 quotiens
883 1690 937 1739 me
975 1694 1049 1739 oum
1087 1693 1251 1759 quaererer
1287 1674 1546 1740 absentaverim.

490 1775 621 1856 Fateor,
634 1776 793 1864 insipiens
809 1798 869 1864 ego
884 1798 966 1854 sum,
984 1777 1042 1843 sed
1057 1782 1096 1843 tu
1111 1799 1164 1843 me
1180 1777 1324 1865 coegisti.
1362 1777 1453 1843 Nam
1470 1776 1548 1843 lieet

490 1900 558 1944 non
595 1879 723 1945 deesset
760 1880 903 1944 fratrum
934 1878 1058 1956 electio,
1090 1877 1196 1966 plebis
1226 1878 1356 1966 petitio,
1388 1879 1548 1944 voluntas

491 1982 723 2069 episcoporum,
746 1982 855 2069 gratia
876 2001 1056 2068 procerum,
1080 1982 1133 2046 his
1155 1986 1269 2046 tamen
1299 1982 1455 2047 omnibus
1484 1984 1547 2047 tua

490 2084 762 2173 praeponderabat
784 2085 971 2161 auotoritas,
996 2090 1055 2150 tue
1078 2085 1183 2171 magis
1212 2084 1353 2171 urgebat
1381 2086 1548 2151 voluntas

491 2186 536 2251 Et
570 2208 641 2253 eoee
670 2207 776 2253 novas
805 2206 873 2266 rex,
905 2206 994 2252 nova
1024 2187 1087 2269 lex,
1119 2206 1228 2253 novus
1249 2185 1421 2274 pontife13
1461 2208 1548 2253 nova

489 2290 563 2354 iura
614 2290 771 2372 eondunt,
824 2310 929 2355 novas
974 2288 1188 2375 promulgent
1232 2289 1423 2355 sententias.
1502 2288 1548 2355 'l'e
1644 2338 1652 2355 .

489 2393 607 2458 erroris
644 2398 797 2482 arguunt,
825 2394 884 2479 qui
918 2392 1041 2458 iussisti
1053 2418 1062 2474 ;
1099 2414 1152 2457 me
1182 2392 1459 2479 praesumptionis,
1490 2392 1549 2479 qui

490 2496 644 2561 consensi.
713 2496 759 2561 Et
796 2501 876 2562 tuno
907 2496 1041 2582 quidem
1073 2494 1145 2559 falli
1166 2494 1318 2582 potuisti,
1350 2500 1390 2559 ut
1428 2495 1546 2571 hom03

490 2598 547 2664 sed
584 2599 748 2685 numquid
786 2598 886 2665 modo
924 2598 1121 2664 coniunctus
1170 2596 1267 2662 Deol
1319 2595 1399 2662 Non
1442 2598 1550 2684 igitur

490 2701 557 2766 illis
586 2703 644 2787 qui
674 2703 815 2789 exigunt
844 2701 935 2787 qnod
964 2722 1030 2766 non
1069 2700 1239 2779 dederunt,
1271 2700 1340 2787 qui,
1373 2720 1450 2765 aum
1480 2700 1548 2766 sint

492 2805 649 2884 homines,
681 2805 793 2870 fallere
821 2809 961 2892 possunt
990 2808 1025 2869 et
1056 2804 1136 2885 falli,
1162 2804 1219 2869 sed
1245 2802 1311 2869 tibi
1336 2803 1395 2890 qui
1415 2802 1546 2881 dedisti,

493 2908 550 2994 qui
575 2909 643 2973 iam
668 2907 807 2973 indutus
832 2908 870 2972 in
899 2908 1005 2994 ipsam
1032 2907 1207 2972 veritatem
1229 2907 1348 2972 erroris
1375 2905 1430 2971 vel
1456 2905 1549 2994 igno-

493 3013 612 3079 rantiae
627 3012 780 3078 tenebrae
796 3010 940 3087 evasisti,
965 3010 1037 3089 tibi,
1061 3010 1206 3096 inquam,
1230 3009 1361 3096 resigno
1383 3009 1548 3088 baculum

493 3113 558 3180 tibi
588 3134 701 3181 euram
738 3133 851 3180 eorum
889 3111 1092 3199 quaemihi
1130 3111 1365 3178 sommendaeti
1403 3112 1548 3179 dimitto.

493 3216 568 3282 Tibi
591 3236 702 3284 secure
719 3237 773 3282 eos
794 3215 965 3282 committo
981 3215 1074 3280 euius
1096 3235 1156 3302 ego
1172 3215 1292 3280 merita
1313 3235 1381 3280 non
1405 3213 1549 3302 ignoro.''

497 3319 580 3386 Haeo
618 3341 693 3386 eum
731 3319 880 3397 dixisset,
921 3317 1050 3383 elevata
1087 3337 1189 3382 manu
1226 3317 1262 3382 in
1299 3315 1445 3405 lapidem
1485 3337 1549 3402 quo

325 3411 485 3532 {fflffl
496 3427 647 3488 sanetum
669 3443 787 3510 eorpus
815 3420 1001 3509 tegebatur,
1032 3421 1146 3485 infixit
1174 3418 1337 3500 baculum,
1369 3419 1550 3508 “Aooipess'

326 3548 456 3597 Edwards
496 3525 658 3610 inquiens,
674 3533 696 3563 ‘⁶
712 3525 844 3591 domine
866 3523 914 3588 mi
936 3541 1008 3602 rex,
1031 3528 1066 3589 et
1082 3523 1135 3588 oui
1158 3521 1294 3588 libuerit
1315 3523 1411 3588 trade
1425 3521 1549 3588 illum''

325 3617 408 3731 iffi
420 3683 441 3730 it
497 3626 543 3691 Et
557 3627 603 3692 sie
623 3627 821 3694 deseendens
840 3626 883 3691 ab
907 3624 1017 3704 altari,
1041 3632 1162 3691 exutus
1185 3624 1433 3713 pontificalibus
1460 3627 1549 3692 inter

325 3747 434 3798 amans
498 3729 673 3796 monachos
697 3731 767 3817 ipse
793 3731 860 3794 iem
884 3727 1064 3793 monachus
1090 3727 1232 3815 simplex
1254 3727 1385 3793 resedit.
1431 3727 1550 3794 Admi-

325 3814 409 3932 ffil
496 3831 656 3898 rebantur
679 3853 791 3898 omnes
821 3835 992 3897 cernentes
1021 3832 1151 3918 virgam
1180 3831 1357 3896 inmensam
1389 3829 1484 3909 siliei,
1515 3837 1549 3896 et

496 3935 589 4020 quasi
613 3935 779 4001 radicibus
805 3935 970 3999 niteretur
993 3953 1098 4019 neque
1124 3933 1167 3997 ad
1190 3932 1364 3999 dexteram
1382 3933 1549 4020 nequead

492 4039 660 4106 sinistram
689 4038 861 4104 declinare.
906 4035 1097 4123 Temptavit
1127 4055 1199 4100 eam
1230 4036 1365 4122 quidam
1396 4035 1548 4116 evellere,

492 4142 549 4206 sed
578 4141 638 4206 illa
667 4140 780 4207 stabat
810 4139 998 4205 immobilis.
1045 4139 1101 4204 Fit
1130 4139 1167 4203 in
1197 4139 1300 4204 turba
1328 4159 1482 4204 murmur
1512 4144 1548 4205 et

491 4244 686 4310 musitatio:
732 4247 909 4310 aecurrunt
946 4242 1103 4329 undique,
1134 4241 1350 4328 videntesque
1380 4241 1549 4330 magnalia

491 4345 555 4412 Dei
584 4351 733 4436 stupent,
757 4346 909 4428 haerent3
932 4365 1019 4411 nune
1042 4343 1223 4432 procedunt
1247 4345 1431 4431 paululum,
1458 4365 1548 4412 nune

489 4471 637 4536 mamam
664 4450 807 4528 sistunt3
830 4465 920 4515 nune
946 4449 1132 4514 extendunt
1158 4465 1302 4529 manum,
1330 4467 1420 4514 nuno
1443 4455 1549 4514 retra-

489 4555 595 4636 hunt3
630 4553 794 4641 quomodo
819 4551 945 4619 ferrum
971 4551 1134 4618 inhaereat
1159 4550 1264 4638 lapidi
1290 4555 1388 4617 terrae
1414 4550 1548 4617 decum-

490 4657 604 4723 bentes
626 4657 811 4745 explorant,
841 4675 932 4721 nune
959 4654 1058 4721 erecti
1087 4653 1231 4720 invicem
1261 4673 1295 4718 se
1329 4654 1548 4720 cohortantur

490 4763 529 4825 ut
544 4760 689 4826 videant.
735 4759 802 4824 Res
824 4757 973 4824 defertur
995 4758 1032 4822 in
1055 4757 1242 4843 synodum3
1265 4756 1323 4822 sed
1342 4755 1552 4822 Lanfranom
