3567 5800
245 2211 250 2222 Ι
331 2168 365 2203 on
376 2152 453 2204 cirum

503 825 569 888 122
760 839 830 892 mc.
853 839 902 892 DE
924 837 1059 892 omaso.
1081 838 1174 892 erm
1196 839 1283 891 mer.

333 1164 451 1296 {¹5ng
909 1173 1159 1242 Oonrruunrro.

333 1295 491 1416 Regma
549 1353 629 1421 Rnx
651 1354 801 1444 Edgarus
822 1357 983 1444 paciflua,
1002 1357 1096 1445 regni
1117 1358 1168 1423 sui
1190 1357 1390 1446 prospiciens
1410 1357 1550 1424 utilitati

335 1432 473 1550 {325
503 1459 627 1546 pariter
659 1464 694 1525 et
726 1459 839 1546 quieti,
871 1463 1030 1546 quattuor
1060 1459 1153 1526 milia
1185 1463 1390 1549 octingentas
1412 1462 1478 1527 sibi
1503 1483 1552 1526 ro·

334 1590 442 1654 nugare
503 1562 617 1629 bustas
638 1563 851 1650 congregavit
880 1585 989 1629 naves
1051 1563 1080 1627 Ε
1107 1563 1227 1650 quibus
1258 1565 1348 1630 mille
1393 1565 1550 1631 ducentas

334 1657 399 1709 flat
502 1665 539 1730 in
557 1666 655 1753 plaga
673 1665 804 1753 Angliae
822 1663 984 1745 orientali,
1001 1665 1092 1730 mille
1115 1667 1272 1732 ducentas
1292 1667 1328 1732 in
1348 1666 1550 1747 occidentali,

414 1778 416 1781 ’
502 1768 591 1834 mille
624 1767 779 1833 ducentas
809 1767 847 1832 in
880 1767 1026 1846 australi,
1055 1767 1144 1834 mille
1172 1769 1329 1835 ducentas
1351 1769 1389 1834 in
1424 1775 1551 1858 septen·

501 1870 635 1937 trionali
656 1871 771 1958 pelago
800 1871 982 1952 constituit,
1006 1875 1045 1937 ut
1068 1871 1110 1936 ad
1133 1871 1354 1938 defensionem
1376 1872 1472 1960 regni
1502 1873 1549 1938 sui

501 1980 615 2041 contra
636 1979 767 2040 exteras
783 1973 932 2040 nationes
952 1973 1114 2039 bellorum
1133 1973 1322 2040 discnmina
1341 1976 1549 2042 sustinerent.

332 2085 473 2163 Hiesoius
502 2077 659 2143 Habebat
681 2081 793 2142 autem
815 2082 975 2163 praeterea
997 2078 1087 2142 omni
1109 2081 1256 2163 tempore
1279 2079 1361 2146 vitae
1384 2101 1453 2145 suae
1477 2101 1548 2145 con·

454 2159 472 2202 l
500 2181 708 2248 suetudinem
731 2201 789 2268 per
810 2203 923 2246 omnes
945 2181 1037 2267 regni
1059 2182 1111 2246 sui
1132 2182 1315 2266 provincias
1336 2182 1487 2261 transire,
1503 2180 1545 2249 et¹

501 2282 665 2372 quomodo
689 2283 801 2370 legum
834 2283 909 2349 iura
931 2288 966 2348 et
988 2305 1121 2350 suorum
1147 2289 1275 2350 statuta
1301 2285 1547 2352 decretoruma

498 2386 702 2475 principibus
731 2386 992 2464 observarentur,
1017 2392 1051 2452 et
1072 2407 1115 2452 ne
1137 2409 1294 2474 pauperes
1315 2411 1337 2453 a
1359 2388 1547 2476 potentibus

500 2489 727 2579 praeiudicium
748 2489 837 2576 passi
860 2489 1134 2576 opprimerentur,
1155 2490 1330 2578 diligenter
1352 2491 1550 2578 investigare

500 2592 648 2660 solebat:
684 2593 721 2656 in
742 2614 810 2657 uno
831 2591 1032 2670 fortitudini,
1054 2591 1091 2656 in
1113 2591 1217 2658 altero
1240 2593 1378 2660 iustitiae
1404 2595 1548 2674 studens,

501 2701 537 2762 et
565 2693 757 2783 reipublicae
788 2696 947 2781 regnique
978 2695 1120 2760 utilitati
1154 2697 1323 2762 consulens
1344 2698 1381 2760 in
1402 2703 1547 2784 utroque

499 2799 590 2865 Hinc
615 2797 766 2864 hostibus
787 2797 1039 2884 circumquaque
1077 2797 1186 2876 timor,
1218 2803 1253 2864 et
1278 2799 1428 2864 omnium
1460 2821 1547 2864 amor

499 2926 577 2991 erga
607 2924 683 2967 eum
713 2907 902 2968 excreverat
927 2901 1143 2967 urbditoru'm.
1200 2899 1329 2969 Deinde
1358 2925 1419 2990 per
1445 2908 1546 2969 totam

328 3008 392 3089 Ner
498 3005 655 3095 Angliam
691 3026 812 3070 novam
835 3004 991 3091 praecepit
1019 3004 1091 3069 fieri
1121 3010 1308 3086 monetam3
1349 3008 1431 3094 quia
1452 3013 1545 3073 vetus

331 3092 444 3145 ΜΨ·
497 3111 581 3176 vitio
612 3113 781 3175 tonsorum
817 3107 898 3173 adeo
936 3113 1007 3171 erat
1040 3112 1202 3193 corrupta,
1232 3113 1272 3173 nt
1300 3108 1362 3175 vix
1392 3132 1545 3177 nummus

498 3214 630 3280 obolum
651 3209 850 3298 appenderet
871 3210 909 3274 in
931 3214 1063 3278 statera

293 3393 296 3401 Ι
330 3325 452 3444 {team
544 3316 639 3383 Circa
676 3313 790 3379 eedem
827 3317 977 3399 tempora
1008 3312 1133 3379 Alfsius
1171 3314 1339 3400 episcopus
1373 3321 1409 3381 et
1442 3336 1546 3382 comes

186 3506 192 3517 Ι
328 3459 392 3524 king
399 3460 431 3509 or
442 3460 486 3513 the
498 3418 692 3504 Eadnlphus
729 3416 935 3481 Kinnadium
984 3438 1093 3503 regem
1133 3415 1320 3482 Scottorum
1357 3419 1401 3484 ad
1438 3442 1546 3508 regem

330 3526 409 3577 stoa
498 3522 669 3609 Edgarum
699 3520 937 3585 conduxerunt.
998 3517 1104 3599 Quam
1134 3540 1208 3585 oum
1238 3520 1475 3607 perduxissent
1503 3524 1545 3589 ad

497 3646 618 3710 regem,
640 3623 747 3687 multa
769 3622 941 3687 donariaa
960 3622 1050 3709 regia
1072 3621 1226 3710 largitate
1248 3624 1397 3711 suscepit.
1452 3625 1546 3692 Inter

498 3749 573 3816 quae
611 3724 753 3791 contulit
789 3723 820 3789 ei
857 3730 989 3790 centum
1023 3725 1136 3791 uncias
1169 3725 1242 3789 auri
1272 3726 1439 3811 purissimi
1471 3750 1544 3795 cum

495 3829 610 3896 multis
632 3827 741 3893 sericis
771 3826 972 3893 ornamentis
994 3833 1030 3892 et
1051 3828 1158 3893 anulis
1180 3850 1254 3893 cum
1287 3828 1453 3916 lapidibus
1473 3856 1545 3919 pre-

494 3933 596 4001 tiosis
649 3930 752 3996 Dedit
773 3934 933 4019 praterea
954 3930 1060 3996 eidem
1088 3931 1158 4017 regi
1187 3935 1292 3997 totam
1323 3936 1447 3999 terram
1470 3957 1544 4022 quse

496 4035 646 4103 Laudian
667 4033 776 4120 patria
796 4032 911 4119 lingna
938 4037 1154 4119 nuncupatur,
1178 4033 1238 4099 hac
1261 4034 1473 4119 condiciona;
1504 4044 1545 4105 ut

493 4139 589 4207 annis
611 4136 748 4223 singulis
772 4135 809 4201 in
826 4134 1063 4201 festivitatibus
1082 4136 1261 4222 praecipuis,
1278 4139 1411 4224 quando
1429 4163 1491 4207 rex
1510 4148 1544 4209 et

492 4245 562 4309 eius
584 4260 780 4306 sumessores
802 4238 955 4303 diadema
973 4244 1151 4325 portarent,
1175 4240 1330 4306 venirent
1352 4243 1395 4309 ad
1418 4246 1542 4311 uniam

350 4362 356 4371 ·
492 4350 528 4413 et
564 4366 638 4410 cum
675 4341 791 4409 ceteris
827 4341 920 4426 regni
955 4340 1156 4428 principibus
1182 4342 1303 4409 festum
1325 4366 1400 4411 cum
1423 4346 1543 4415 laetitia

492 4448 700 4516 celebrarent
745 4444 848 4510 Dedit
868 4444 1003 4531 insuper
1024 4444 1056 4511 ei
1077 4466 1136 4511 rex
1158 4446 1343 4515 mansiones
1364 4449 1401 4515 in
1424 4451 1542 4519 itinere

921 4768 927 4799 ¹
946 4764 983 4831 et]
1001 4772 1037 4825 nt,
1049 4764 1106 4819 MS.
