3567 5800
467 907 514 956 nn
535 906 653 958 ansus
675 905 798 960 sanun
818 906 1017 959 asena-111.
1041 898 1068 961 3.
1250 896 1290 959 29

248 1092 368 1161 baldus
394 1095 429 1161 in
453 1094 622 1161 Westaexe
645 1118 705 1183 pro
719 1103 814 1185 patre
839 1096 1012 1186 regnavit'
1027 1098 1121 1165 annis
1143 1097 1296 1185 quinque.

251 1196 328 1281 Quo
358 1196 556 1263 Ethelbaldo
585 1219 661 1285 rege
690 1197 947 1269 westsaxonum
977 1206 1115 1281 mortuo,
1145 1202 1463 1274 suecessitltofflffld·

249 1300 282 1367 ei
296 1301 331 1365 in
347 1322 485 1387 regnum
499 1300 603 1366 frater
621 1300 692 1367 eius
711 1300 932 1382 Etbelbertus,
949 1305 1006 1389 qui
1022 1304 1295 1383 westsaxoniam,
1307 1294 1331 1343 Ρ·
1345 1282 1449 1343 ²⁹⁵⁹‘q'

251 1401 414 1479 Cantium,
441 1402 625 1469 Estsexiam
659 1409 694 1469 et
724 1403 935 1470 suthsexiam
965 1405 1027 1471 sub
1065 1429 1122 1473 suo
1153 1407 1299 1474 dominio

249 1505 454 1593 mancipavit
480 1505 576 1571 annis
605 1506 760 1593 quinque.
823 1506 897 1588 Quo
927 1508 1120 1577 Ethclberto
1144 1508 1297 1577 defuncto

249 1608 351 1673 frater
372 1609 443 1673 eiua
466 1607 664 1673 Ethelredus
693 1609 846 1695 regnavit
875 1632 935 1699 pro
965 1632 1003 1677 ec
1025 1613 1120 1678 annis
1145 1614 1297 1699 quinque.

251 1711 326 1792 Quo
355 1710 533 1778 Ethelredo
563 1716 693 1777 mortuo
722 1711 825 1779 frater
848 1714 918 1780 eius
943 1714 1097 1781 Allredus
1124 1716 1193 1781 sive
1217 1716 1298 1781 Alu-

250 1814 355 1893 redus,
383 1815 425 1881 de
448 1836 514 1902 quo
540 1821 589 1881 eet
615 1835 728 1893 sermo,
756 1815 845 1903 apud
876 1816 1100 1902 Wyntcniam,
1132 1824 1171 1885 ut
1200 1840 1298 1905 supra

250 1918 406 2000 diximus,
431 1922 612 1985 coronatur.
670 1917 715 1984 Et
741 1917 787 1983 sic
810 1940 832 1983 a
856 1924 1002 2006 tempore
1026 1920 1140 2008 primm
1166 1942 1298 1987 corona·

249 2022 352 2088 tionis
381 2042 449 2088 sum
480 2021 593 2087 Romoe
633 2042 737 2107 usqne
766 2020 810 2087 ad
851 2022 1026 2089 secundam
1057 2024 1297 2091 coronationem

248 2146 343 2191 suam
376 2122 568 2211 Wyntoniae
597 2123 768 2189 fluxerunt
797 2123 841 2189 ad
869 2126 980 2191 minus
1014 2126 1094 2192 anni
1124 2126 1296 2209 sexdecim,

248 2234 287 2294 et
315 2250 373 2315 per
402 2247 600 2312 consequens
634 2225 693 2291 illa
734 2226 858 2312 regalia
895 2248 961 2294 non
991 2234 1129 2315 possunt
1158 2252 1298 2317 congrue

249 2332 360 2421 prima
382 2330 505 2417 regalia
527 2330 632 2396 totius
657 2329 752 2417 regni
775 2330 909 2417 Angliae
932 2330 1144 2419 nuncupari.”

297 2433 474 2500 “Secunda
495 2431 657 2498 instantia
676 2432 799 2519 peterit
819 2433 866 2499 sic
890 2432 1033 2501 formeri.
1080 2435 1144 2501 Illa
1165 2438 1295 2525 regalia,

246 2560 325 2624 quac
345 2537 444 2603 modo
465 2534 588 2623 regalia
611 2535 742 2623 Angliae
764 2542 1005 2623 nuncupantur,
1030 2536 1164 2605 fuerunt
1190 2541 1297 2627 prima

247 2639 373 2727 regalia
397 2640 491 2726 regni
517 2636 656 2725 Angliae,
679 2638 765 2703 sicut
789 2643 883 2726 patet
904 2662 963 2726 per
984 2642 1149 2728 quandam
1172 2648 1296 2709 cantmn

247 2742 408 2809 Willelrni
456 2740 697 2828 conquestoris
743 2742 780 2806 in
824 2764 890 2829 qua
941 2744 1054 2810 taliter
1098 2746 1295 2813 continetur.

250 2846 356 2914 ‘Cum
385 2868 444 2934 ego
474 2845 700 2932 comperissem
724 2844 813 2931 qued
837 2847 1051 2932 praedecessor
1074 2870 1165 2916 mens
1191 2850 1296 2917 beatae

249 2951 416 3016 memoriae
437 2970 497 3013 rex
521 2948 703 3015 Edwardus
730 2969 881 3014 eoronam
904 2955 939 3016 et
961 2951 1027 3016 alia
1049 2951 1172 3037 regalia
1194 2954 1299 3040 prima-

248 3054 344 3141 regni
382 3053 472 3139 apud
502 3051 669 3116 ecclesiam
698 3050 984 3120 westmonasterii
1015 3053 1211 3134 dimisisset,’
1240 3067 1297 3122 eto.

250 3157 299 3221 Et
329 3159 458 3222 constat
488 3155 576 3240 quod
599 3154 657 3218 illa
682 3154 814 3241 regalia,
846 3177 920 3241 ques
952 3163 1084 3222 sanctus
1115 3157 1299 3224 Edwardus

249 3260 340 3347 apud
369 3257 696 3324 Westmonasterium
725 3257 903 3338 dimiserat,
934 3259 969 3323 in
1008 3259 1064 3324 illo
1090 3260 1159 3326 loco
1196 3283 1299 3348 usque

249 3362 349 3429 hodie
386 3363 623 3426 conservantur
659 3365 695 3426 et
730 3359 838 3426 adhuc
875 3361 997 3448 regalia
1034 3363 1166 3450 Anglise
1195 3367 1299 3430 nomi-

249 3471 382 3532 nantur.
428 3463 494 3530 Sed
516 3463 575 3528 illa
597 3462 720 3550 regalia
743 3463 974 3530 attribuuntur
997 3471 1110 3532 sancto
1135 3465 1299 3535 Edwardo

248 3573 291 3635 ut
312 3568 435 3656 regalia
468 3572 503 3633 et
533 3565 677 3654 insignia
703 3565 764 3646 sui,
797 3571 883 3632 teste
918 3589 1003 3655 papa
1034 3568 1228 3637 Innocentio
1250 3593 1297 3636 se-

249 3672 360 3739 cundo
384 3672 422 3736 in
448 3671 591 3757 quadam
621 3668 714 3735 bulla
750 3669 874 3735 directa
909 3669 1026 3736 abbati
1055 3677 1090 3738 et
1120 3675 1298 3740 conventui

249 3771 538 3842 Westmenasterii
571 3773 686 3838 taliter
714 3773 914 3838 continente.
977 3773 1133 3862 ‘Regalis
1165 3777 1298 3864 gloriosi

247 3879 336 3964 regis
365 3875 532 3952 Edward'n
565 3897 637 3960 quae
662 3874 751 3961 apud
785 3897 843 3940 vos
881 3875 1044 3942 habentur
1078 3879 1229 3966 insignia,
1262 3883 1298 3946 in
1384 3917 1390 3924 ·

247 3978 365 4048 eodem
399 3977 597 4045 monasterio
619 3979 747 4042 intacta
776 3984 810 4043 et
839 3977 969 4066 integra
998 3979 1199 4047 decernimus
1223 4004 1298 4048 oon-

248 4081 408 4149 servari''
428 4081 518 4168 Ergo
539 4080 661 4167 regalia
683 4079 809 4146 Alfredi
831 4080 902 4146 sive
917 4080 1054 4148 Aluredi
1076 4104 1143 4149 non
1165 4084 1298 4152 fuerunt

248 4187 359 4274 prima
381 4183 504 4272 regalia
529 4183 622 4270 regni
645 4182 803 4269 Angliae.”

298 4291 393 4355 “Pro
422 4289 496 4354 istis
522 4287 603 4368 dico,
631 4286 719 4373 quod
744 4308 811 4353 non
838 4287 1046 4356 obstantibus
1070 4291 1143 4357 istis
1171 4292 1298 4360 duabus
1308 4313 1459 4368 Romanor.

247 4393 422 4460 instantiis
445 4390 658 4478 probabiliter
672 4395 783 4476 potest
798 4389 862 4456 dici
877 4413 1045 4479 quousque
1060 4396 1245 4481 oppositum
1262 4398 1298 4462 in

247 4494 411 4562 chronicis
443 4491 618 4558 autenticis
639 4493 683 4558 sit
717 4498 891 4579 repertum,
916 4495 1003 4580 quod
1025 4497 1154 4583 regalia,
1179 4499 1298 4586 quibus

249 4597 350 4664 hodie
379 4615 471 4681 reges
497 4594 630 4681 Angliae
660 4597 869 4674 coronantur,
890 4595 1025 4664 fuerunt
1048 4599 1154 4686 prima
1176 4602 1298 4689 regalia

250 4700 351 4766 huius
374 4698 469 4784 regni
492 4697 621 4784 etipsa
651 4697 778 4777 eadem
799 4718 874 4762 cum
902 4699 1021 4785 quibus
1048 4701 1201 4770 Alfredus
1227 4705 1298 4770 sive

249 4803 418 4870 Aluredus
436 4824 457 4867 a
475 4821 560 4890 papa
586 4799 695 4878 Leone
718 4800 834 4868 Romae
851 4799 958 4869 ficerat
980 4809 1160 4872 coronatus.
1206 4806 1299 4874 Post·
