3567 5800
423 882 470 929 nn
491 880 606 929 ansus
629 878 751 929 neuun
772 878 973 928 anon-111.
998 864 1049 927 23.
1207 864 1269 927 125

222 1077 240 1104 “
262 1068 320 1134 Ad
342 1089 424 1155 opus
445 1067 648 1135 cotidianum
669 1067 813 1135 dominae
834 1063 1117 1155 persolvendum‚''
1141 1085 1273 1151 respon-

221 1172 282 1237 dit.
336 1170 437 1258 AEgre
468 1171 546 1238 licet
578 1169 725 1237 retenta¹
761 1170 849 1257 regis
878 1169 1017 1257 genibus
1048 1190 1147 1254 super
1180 1172 1272 1233 statu

219 1272 426 1340 miseriarum
463 1296 597 1341 suarum
632 1273 804 1361 applorat:
843 1294 903 1359 pro
940 1270 1086 1337 mercede
1117 1270 1272 1337 connubii

219 1377 373 1443 redderet
393 1377 635 1463 ingenuitatem
646 1400 655 1455 ;
677 1376 788 1441 decere
809 1374 1118 1462 magnanimitatem
1139 1373 1217 1453 eius,
1233 1378 1273 1437 ut

221 1480 322 1567 regiae
345 1478 529 1566 voluptatis
550 1478 680 1545 conscia
701 1477 909 1544 dominorum
932 1475 1111 1543 crudelium
1133 1476 1272 1541 ulterius

220 1603 290 1645 non
311 1581 539 1668 ingemisceret
559 1581 707 1667 imperio.
752 1580 844 1646 Tunc
868 1579 933 1657 ille,
957 1578 1031 1645 felle
1054 1583 1216 1656 commoto
1239 1582 1273 1643 et

221 1682 432 1749 formidabile
460 1683 580 1762 ridens,
602 1704 678 1749 cum
705 1684 742 1747 in
764 1683 874 1748 animo
898 1682 968 1747 eius
990 1681 1167 1747 fluctuaret
1196 1680 1273 1745 hinc

221 1785 264 1851 de
286 1784 410 1851 famula
431 1784 605 1863 miseratio,
627 1785 706 1851 hinc
726 1786 768 1851 de
797 1784 932 1851 domina
961 1782 1157 1869 indignatio,
1179 1783 1271 1870 quasi

222 1888 260 1953 in
282 1890 370 1955 iocos
392 1888 516 1954 effusus
536 1910 634 1955 nsum
656 1888 887 1975 obsequiorum
909 1908 1106 1975 poenamque
1121 1886 1271 1953 remittit.

223 1990 307 2055 Mox
329 1991 476 2077 antiquis
499 1991 767 2068 dominatoribus,
791 1989 924 2069 vellent,
947 1988 1081 2067 nollent,
1103 1989 1273 2055 dominan-

222 2100 294 2159 tem
316 2115 437 2181 magna
459 2093 651 2160 sublimavit
673 2092 887 2181 dignatione;
917 2091 1036 2158 dilexit
1058 2092 1163 2168 unice,
1188 2093 1272 2157 intc-

222 2218 320 2282 gram
355 2196 433 2261 lecti
470 2196 529 2261 uni
566 2196 713 2263 deferens
750 2196 858 2272 fidem,
890 2195 978 2283 quod
1009 2194 1052 2261 ad
1090 2194 1272 2281 legitimam

222 2319 363 2363 uxorem
384 2299 508 2385 aceepit
532 2298 694 2364 Ellridam
715 2297 819 2363 filiam
844 2296 973 2385 Orgari,
996 2298 1138 2363 secundo
1159 2298 1273 2363 matri·

223 2400 362 2466 moniali
382 2400 455 2467 ium
476 2400 539 2465 sibi
561 2402 753 2487 copulatam.
806 2400 894 2465 Nam
924 2400 1012 2466 idem
1042 2424 1101 2467 rex
1124 2401 1391 2495 Edgarusfflffl

223 2505 308 2569 duas
330 2503 448 2569 habuit
470 2505 647 2569 successive
677 2505 814 2591 reginas.
872 2502 984 2569 Prima
1015 2526 1091 2570 vero
1114 2504 1273 2576 extiterat
1285 2500 1423 2615 ffffssd

222 2605 374 2683 Edfleda,
406 2606 529 2672 scilicet
560 2605 709 2684 candida,
732 2610 950 2693 cognomento
973 2606 1094 2688 Evede,
1118 2607 1273 2674 Ordmari
1339 2582 1379 2631 η’

223 2708 320 2775 ducis
340 2708 429 2789 filia,
455 2730 499 2775 ax
520 2731 586 2796 qua
607 2710 724 2797 genuit
746 2709 948 2775 Edwardum
971 2714 1084 2796 postea
1105 2732 1215 2798 regem
1239 2717 1273 2777 et

223 2816 414 2899 martyrem.
459 2810 539 2877 Post
561 2812 653 2877 ouius
674 2817 814 2877 mortem
840 2811 967 2898 accepit
989 2811 1159 2893 Eiusdem,
1182 2816 1274 2881 euius

221 2915 324 3003 paulo
361 2914 510 3002 superius
555 2915 772 2993 meminimus,
812 2913 954 3000 Ordgari
992 2915 1120 2981 comitis
1160 2916 1271 2998 filiam,

223 3020 414 3087 Adelwoldi
436 3019 565 3086 comitis
588 3019 809 3085 Orientalium
831 3019 1015 3106 Anglorum
1038 3021 1185 3088 relictam
1197 3047 1206 3103 ;
1231 3045 1272 3089 ex

223 3146 292 3211 qua
325 3123 408 3188 duos
439 3122 525 3187 filios
546 3121 782 3186 Eadmundum
816 3128 850 3188 ct
877 3121 1092 3188 Ethelredum
1121 3127 1269 3212 suscepit.
1319 3197 1325 3210 ,
1362 3198 1367 3210 ,

223 3225 373 3291 Tandem
404 3224 444 3289 de
472 3228 585 3289 macta
606 3223 779 3289 Wiliritba
800 3223 917 3310 genuit
943 3229 1089 3290 sanctam
1112 3226 1270 3293 Editham
1285 3197 1413 3322 wppatha

223 3329 399 3414 virginem.
445 3325 542 3392 Hanc
573 3331 685 3392 autem
708 3325 911 3391 Wilfritham
944 3347 1013 3391 non
1045 3348 1122 3392 vere
1151 3287 1408 3420 θεωρῶ-11131111

224 3430 402 3496 monialem
433 3434 513 3494 tunc
545 3428 654 3507 fuisse,
689 3428 748 3494 sed
780 3429 899 3493 timore
931 3429 1016 3515 regis
1043 3429 1166 3516 Edgari
1200 3454 1271 3498 eam
1283 3405 1386 3457 ΜΗ·

223 3533 340 3599 illicite
363 3531 618 3618 concupiscentis
640 3531 771 3618 proprio
794 3530 931 3596 arbitrio
958 3552 1026 3596 esse
1047 3533 1203 3614 velatam,
1226 3535 1273 3601 rei

224 3633 448 3722 conprobatur
469 3633 619 3698 veritate.
666 3631 766 3698 Unde
788 3654 857 3710 rex,
881 3633 969 3718 quod
995 3634 1150 3700 feminam
1172 3637 1273 3718 illam,

224 3760 309 3825 quae,
347 3737 424 3802 boet
459 3735 652 3814 umbratice,
690 3734 948 3800 sanctimonialis
984 3735 1101 3814 fuerat,
1144 3737 1274 3824 [concu-

222 3839 370 3927 pisset],²
414 3860 435 3902 a
478 3837 577 3902 beato
620 3837 796 3903 Dunstano
841 3838 1037 3924 redargutus
1082 3847 1273 3927 septennem

223 3941 339 4028 exegit
360 3940 598 4028 paenitentiam.
634 3938 699 4004 Illa
713 3961 843 4026 quoque
865 3945 964 4026 partu
988 3941 1144 4027 explicito
1159 3944 1273 4030 volup·

223 4045 294 4110 tati
329 4043 530 4119 renuntians,
565 4041 714 4128 religiose
750 4041 846 4119 vixit,
881 4047 1058 4128 sanctaque
1091 4045 1274 4110 celebratur

224 4153 261 4213 ot
284 4145 447 4212 asseritur.
493 4144 545 4210 De
566 4144 637 4210 filia
659 4165 788 4231 quoque
810 4144 880 4209 eius
903 4144 1027 4210 Editha
1049 4146 1160 4226 fertur,
1185 4149 1274 4233 quod

224 4250 285 4314 illa
306 4248 395 4335 apud
416 4246 616 4314 Wiltoniam
639 4245 898 4312 sanctimonialis
933 4245 1057 4329 effecta,
1080 4248 1274 4316 cultioribus

224 4349 424 4438 aliquanto⁸
459 4350 606 4416 vestibus
651 4371 751 4436 quam
789 4371 849 4414 sua
885 4348 1041 4436 professio
1086 4359 1274 4438 exposceret

243 4573 259 4578 -
275 4569 437 4577 -.—-—
457 4567 497 4572 --·

261 4706 268 4734 ¹
285 4702 392 4770 retentu]
421 4701 494 4752 Will.
515 4701 647 4753 Mulmesb.
661 4719 669 4761 ς
685 4699 724 4749 in·
808 4702 818 4731 ²
834 4700 997 4766 concupisset]
1017 4701 1087 4753 will.
1099 4701 1230 4755 Malmesb.

225 4793 304 4844 tenta,
321 4783 378 4834 MS.
808 4779 973 4846 'attilanum
993 4780 1134 4846 aliqnando,
1153 4781 1210 4834 MS.
