3567 5800
418 924 464 973 oa
486 924 603 974 omns
624 922 747 973 nacon
769 923 961 973 laon-ar.
986 905 1016 983 7.
1033 912 1063 973 8.
1199 910 1263 975 213

212 1132 248 1177 se
263 1112 447 1178 bonitatem
469 1112 570 1177 altius
584 1132 824 1198 recognoscens,
846 1110 929 1176 illud
952 1110 1127 1197 sapientis¹
1151 1112 1264 1178 sedulo

212 1215 462 1282 meditabatur:
499 1215 712 1303 “Principem
742 1220 778 1280 te
807 1214 1069 1281 constituerunt:
1108 1213 1178 1281 noli
1208 1238 1265 1281 ex·

213 1317 308 1390 tolli;
331 1319 389 1384 sed
404 1323 475 1383 esto
498 1318 536 1384 in
561 1318 628 1383 illis
651 1317 745 1405 quasi
768 1339 856 1381 unus
878 1339 920 1383 ex
936 1316 1033 1383 illis?
1080 1318 1179 1385 Hanc
1201 1320 1265 1385 sibi

213 1421 351 1486 vivendi
365 1421 505 1486 formam
518 1443 713 1508 proponens,
737 1420 806 1486 suis
828 1442 863 1485 se
885 1419 1074 1487 domesticis
1096 1421 1267 1508 praebebat

213 1523 383 1609 aequalem,
406 1524 631 1591 sacerdotibus
660 1523 829 1605 humilem,
852 1522 942 1611 plebi
971 1528 1112 1611 gratum,
1137 1545 1267 1612 compa

214 1626 354 1692 tientem
376 1627 514 1709 miseris,
535 1626 665 1714 largum
698 1626 816 1714 egenis
887 1625 974 1691 Mira
1008 1624 1059 1689 illi
1088 1625 1174 1691 circa
1203 1626 1267 1691 Dei

212 1729 340 1794 cultum
369 1727 513 1810 devotio,
549 1730 634 1794 mira
662 1728 700 1794 in
728 1727 870 1794 ecclesiis
900 1732 936 1793 et
964 1727 1170 1793 monasteriis
1192 1750 1267 1794 con-

212 1832 379 1897 struendis
399 1832 454 1897 vel
476 1830 667 1919 reparandis
689 1831 883 1897 sollicitudo.
946 1828 1049 1894 Nulla
1075 1829 1164 1917 apud
1191 1852 1266 1897 eum

212 1957 425 2022 personarum
440 1936 605 2022 accepti03
628 1935 685 2001 sed
700 1934 871 2000 iudicabat
892 1931 1076 1999 iniustitia
1096 1955 1265 2021 pauperes,

212 2044 248 2103 et
262 2037 423 2125 arguebat
437 2038 474 2103 in
496 2037 653 2125 equitate
676 2059 737 2124 pro
757 2035 940 2101 mansuetis
965 2040 1069 2102 terrra
1124 2036 1171 2102 Et
1191 2059 1285 2103 cum.

211 2147 297 2207 esset
325 2162 386 2206 rex
408 2140 559 2206 sublimis
588 2139 681 2219 solio,
711 2161 791 2204 auro
813 2137 984 2203 decoratus
1008 2142 1044 2203 et
1073 2144 1171 2218 ostro,
1194 2144 1266 2206 erat

195 2232 324 2309 'tamen
340 2249 435 2330 pater
449 2242 670 2330 orphanorum
693 2246 727 2308 et
741 2240 844 2306 iudex
856 2240 1041 2307 viduarum.
1080 2240 1265 2307 Thesaurus

212 2345 283 2411 eius
298 2346 403 2411 totius
418 2344 506 2412 orbis
531 2366 584 2410 res
608 2343 742 2431 publica
764 2342 950 2421 videbatur,
975 2365 1156 2432 pauperum
1179 2366 1265 2411 com·

210 2469 312 2513 mune
327 2448 500 2529 aerarium3
524 2446 681 2533 quoniam
706 2467 768 2511 rex
790 2449 902 2510 totum
917 2446 1006 2531 quod
1029 2446 1174 2513 habebat
1196 2470 1265 2514 non

210 2573 310 2616 suum
332 2551 499 2617 estimans
530 2571 610 2630 esse,
638 2548 697 2615 sed
719 2549 876 2630 omnium,
911 2549 941 2614 si
973 2550 1157 2637 petebatur,
1180 2573 1264 2637 prae-

210 2652 334 2733 bebat3
355 2653 386 2718 si
410 2652 640 2740 accipiebatur,
655 2651 788 2718 tacebat
804 2676 813 2717 ε
837 2657 872 2717 st
886 2651 1091 2719 verecundus
1105 2659 1262 2742 suceptor,

210 2756 325 2822 hilaris
352 2756 459 2837 dator,
481 2757 541 2843 qui
563 2777 734 2843 nunquam
768 2754 1017 2821 oblivisceretur
1047 2760 1184 2845 accepti,
1207 2760 1264 2826 sed

210 2859 284 2926 dati
305 2860 465 2948 protinus.
512 2858 658 2925 Lucsbat
672 2859 708 2923 in
723 2859 794 2946 ipso
817 2860 919 2925 etiam
942 2880 1075 2948 corpore
1096 2861 1264 2929 interioris

209 2959 333 3046 species
362 2958 559 3039 sanctitatis,
602 2980 677 3024 cum
717 2957 893 3044 singularis
923 2957 1075 3044 quaedam
1104 2962 1264 3029 sanctitas

209 3067 384 3149 appareret
411 3061 449 3126 in
474 3061 581 3139 vultu,
609 3062 757 3149 gravitas
782 3060 821 3124 in
845 3059 984 3142 incessu,
1009 3062 1203 3150 simplicitas
1227 3066 1264 3130 in

210 3165 340 3230 affectu
387 3165 502 3230 Sermo
517 3164 587 3231 eius
611 3186 655 3230 ex
678 3162 822 3249 quadam
844 3163 1010 3250 dignitate
1035 3169 1070 3230 et
1093 3163 1264 3233 hilaritate

208 3267 417 3354 compositus,
455 3272 491 3333 et
529 3266 654 3332 Christi
691 3287 819 3352 semper
847 3270 882 3331 et
912 3266 1018 3332 beatae
1047 3267 1162 3332 matris
1192 3269 1264 3334 eius

207 3369 353 3435 nominis
366 3369 533 3435 suavitate
547 3369 709 3446 conditus,
720 3389 810 3433 nunc
824 3371 960 3446 terrens,
976 3389 1065 3435 nunc
1078 3368 1263 3452 blandiens,

209 3495 300 3538 nunc
328 3471 492 3552 erudiens,
523 3493 613 3537 nunc
648 3470 818 3537 consolans
843 3470 1080 3557 proferebatur.
1141 3472 1263 3540 Nullus

209 3598 357 3662 unquam
371 3597 449 3641 eum
462 3574 551 3640 vidit
565 3580 626 3640 aut
644 3573 803 3653 inflatum
825 3573 985 3661 superbia,
1013 3579 1074 3640 aut
1089 3575 1262 3643 efferatum

208 3679 267 3754 ira,
285 3682 344 3743 aut
359 3676 609 3742 dehonestatum
623 3675 711 3763 gula,
727 3677 785 3762 qui
806 3675 939 3762 quidem
966 3677 1009 3741 ob
1032 3677 1183 3744 innatam
1197 3680 1262 3745 sibi

208 3780 455 3866 simplicitatem
492 3785 527 3844 et
557 3779 642 3844 cirea
666 3800 778 3844 omnes
816 3778 1041 3845 sinceritatem
1072 3780 1143 3846 falli
1176 3782 1262 3847 forte

209 3881 386 3968 aliquando
409 3881 532 3968 potuit,
553 3885 595 3946 ut
615 3881 773 3967 ignorans
788 3881 967 3958 excederet,
990 3881 1047 3948 sed
1062 3905 1122 3949 nec
1136 3884 1261 3971 impelli

208 3985 268 4064 ira,
290 4005 352 4049 nec
383 3983 648 4071 concupiscentia
683 3983 773 4064 illici,
797 3989 838 4048 ut
878 3985 1020 4050 scienter
1049 3986 1260 4073 delinqueret.

208 4087 299 4152 Nam
313 4085 507 4174 pudicitiam
530 4086 568 4150 in
592 4106 630 4152 eo
653 4084 788 4151 laudare
813 4107 882 4151 non
912 4090 963 4151 est
986 4107 1126 4170 necesse,
1140 4109 1214 4174 quse
1230 4089 1261 4154 ei

207 4196 244 4256 et
274 4189 311 4254 in
339 4188 440 4255 exilio
468 4193 573 4275 grata,
603 4188 640 4251 in
671 4187 875 4254 adversitate
905 4189 1000 4270 socia,
1031 4190 1068 4254 in
1097 4193 1260 4278 prosperis
1288 4176 1291 4182 ¹

207 4314 315 4359 comes
340 4291 517 4357 individua
540 4290 779 4377 perseverabat.
824 4289 1006 4356 Praeterea⁹
1029 4313 1128 4380 supra
1142 4293 1259 4377 huma-

207 4419 290 4462 num
314 4393 448 4460 modum
470 4393 620 4481 pecuniae
645 4397 859 4478 contemptor,
890 4415 951 4458 neu
975 4393 1145 4459 incorum
1160 4395 1258 4460 amis·

206 4498 298 4563 sione
335 4495 472 4576 tristior,
521 4517 581 4561 neo
616 4494 654 4559 in
690 4493 865 4582 adeptione
899 4494 1077 4561 videbatur
1113 4497 1256 4565 hilarior.

284 4827 291 4859 ¹
309 4827 409 4878 Ecclus.
421 4827 496 4876 xxxi.
512 4832 532 4877 1.
723 4827 728 4894 Ι
791 4828 802 4857 ²
814 4826 956 4900 fractores]
978 4829 1119 4893 Propterea,
1132 4829 1188 4880 MS.
