3567 5800
183 1222 379 1301 RIGARDI
406 1225 464 1301 DE
493 1228 815 1308 clementinis
832 1198 1080 1311 'SPECULUM
1110 1238 1376 1317 HISTORIAIAE

469 1357 527 1431 DE
555 1358 705 1436 essem
733 1362 889 1437 anaim
918 1362 1106 1441 ANGLIAE.

263 1838 432 1901 Incmnsr
451 1838 618 1903 (imnum
635 1842 731 1903 me
752 1842 868 1904 'Innrn
890 1844 1028 1907 Seromn
1050 1846 1261 1909 Hrsromanrs

537 1952 580 1994 nn
601 1934 718 1997 Gneus
737 1937 857 1997 Ruonrr
877 1936 1022 1999 Ananim

234 2142 282 2201 De
314 2144 490 2223 genealogia
516 2151 548 2205 et
567 2146 758 2206 coronatione
783 2145 905 2207 Alii-edi
940 2146 1005 2208 sive
1035 2146 1164 2209 Aluredi
1190 2149 1279 2228 rogis,

273 2236 396 2315 Angliae
414 2237 505 2315 primi
524 2239 699 2299 monarchae.
746 2237 856 2318 oapi.

233 2330 282 2390 De
304 2332 392 2391 bellis
411 2332 568 2393 laboriosis
589 2334 671 2412 regis
693 2332 814 2395 Alfiedi
839 2335 903 2395 sive
927 2336 1065 2396 Alnrcdi.
1111 2336 1185 2417 Cap.
1199 2338 1231 2397 ii.

232 2423 281 2483 De
299 2424 405 2502 primis
425 2426 577 2503 regalibus
596 2428 780 2488 ornamentis
799 2429 888 2507 regni
908 2429 1038 2507 Angliss.
1084 2429 1157 2509 Cap.
1173 2431 1217 2491 iii.

231 2516 280 2577 De
299 2518 474 2579 fundatione
493 2520 696 2581 cenobiorum
715 2528 747 2581 et
763 2521 958 2601 elecmosynis
976 2522 1057 2601 regis
1074 2522 1194 2582 alfredi
1214 2524 1279 2584 sive

272 2609 410 2671 Aluredi
457 2610 531 2691 Cap.
545 2612 588 2673 iv.

230 2701 279 2763 De
299 2704 457 2764 clementie
476 2706 557 2784 regis
575 2705 696 2767 Alfrcdi
724 2707 789 2767 sive
808 2708 936 2768 Aluredi
964 2714 996 2767 et
1023 2708 1156 2769 falsitate
1176 2708 1278 2769 Dano-

270 2816 348 2856 rum.
393 2796 469 2877 Cap.
482 2817 513 2859 v.

230 2889 279 2951 De
296 2911 332 2952 eo
352 2892 433 2969 qnod
450 2911 507 2952 rex
528 2889 674 2952 Alfredus
690 2892 756 2954 sive
773 2891 927 2956 Aluredus
947 2893 1095 2956 Danioum
1118 2913 1220 2974 regem
1240 2896 1278 2958 de

270 2985 377 3062 prelio
396 2985 560 3065 fugaverit.
606 2984 682 3065 Cap.
696 2986 738 3046 vi.

228 3075 278 3137 Ut
298 3097 355 3138 rex
369 3077 513 3141 Alfrcdua
532 3080 598 3140 sive
609 3079 765 3140 Aluredus
782 3081 921 3141 custodes
931 3081 963 3140 in
973 3099 1067 3159 regno
1077 3081 1276 3144 constituerit.

274 3169 350 3251 Cap.
364 3173 417 3232 vii.

228 3261 279 3324 De
298 3264 527 3326 morteAii'redi
547 3265 613 3326 sive
630 3265 758 3326 Alurcdi
779 3265 883 3344 msgm
901 3265 991 3346 regis,
1005 3267 1096 3345 primi
1109 3267 1276 3328 monarches

267 3357 398 3436 Angliae.
442 3358 516 3438 Cep.
531 3360 595 3419 viii.

225 3451 276 3511 De
296 3453 481 3512 successione
500 3450 643 3512 Edwardi
668 3451 801 3524 senioris,
816 3452 1021 3536 primogeniti
1048 3453 1129 3532 regis
1153 3453 1275 3514 Alircdi

266 3543 332 3604 sive
351 3544 488 3618 Aluredi,
509 3545 601 3623 primi
621 3545 789 3605 monarchas
808 3545 939 3622 Angliae.
986 3544 1059 3626 Cap.
1075 3547 1118 3605 ix.

226 3636 273 3697 Ut
292 3655 350 3696 rex
362 3637 532 3697 Edwardus
545 3637 646 3714 plures
659 3638 796 3715 regiones
809 3637 869 3698 sibi
888 3638 1104 3716 subiugsverit.
1151 3639 1224 3720 Cap.
1239 3658 1273 3700 x.

224 3728 274 3789 De
291 3737 387 3790 morte
407 3730 488 3808 regis
506 3730 649 3790 Edwardi
670 3739 701 3789 ct
717 3731 904 3791 successione
917 3731 1104 3792 AEtheistani
1122 3733 1179 3792 fllii
1199 3734 1273 3794 eius.

269 3819 342 3901 Cap.
356 3822 400 3883 xi.

224 3914 273 3974 Ut
291 3933 348 3974 rex
367 3914 579 3975 AEthelstsnus
599 3932 727 3994 regnum
747 3913 918 3976 Scottorum
935 3916 1082 3976 devastet
1129 3915 1203 3997 Cap.
1218 3917 1272 3978 xii.

222 4007 447 4084 Recepitulstio
460 4008 596 4086 qnaedam
610 4008 648 4066 de
666 4008 762 4086 gestis
775 4008 968 4069 invictissimi
981 4009 1062 4086 regis
1075 4007 1271 4071 AEthelstani.

269 4099 344 4179 Cap.
358 4100 425 4160 xiii.

222 4193 272 4254 De
294 4201 391 4253 morte
414 4193 601 4255 AEthelstani
622 4192 793 4271 anglorum
815 4193 897 4271 regis
923 4201 955 4254 et
981 4193 1171 4256 successione
1192 4194 1272 4256 Ead-

261 4286 367 4346 mundi
386 4286 490 4347 fratris
510 4287 653 4348 eiusdem.
699 4285 773 4366 Cap.
787 4286 852 4347 xiv.

221 4381 271 4440 De
289 4388 386 4440 morte
405 4380 534 4459 piissimi
553 4380 635 4458 regis
654 4379 815 4440 Edmundi
861 4378 936 4458 Cap.
950 4399 1003 4441 xv.

220 4474 272 4534 Do
291 4473 483 4534 coronatione
501 4473 631 4551 piissimi
650 4473 730 4551 regis
750 4472 892 4533 Eadredi.
939 4471 1014 4552 Cap.
1027 4472 1091 4534 xvi·

218 4567 269 4627 De
287 4574 385 4628 morte
405 4566 534 4646 piissimi
553 4565 635 4645 regis
655 4565 796 4626 Eadrcdi.
842 4563 917 4644 Cap.
932 4566 1007 4625 xvii.

307 4668 332 4714 2.
1114 4673 1139 4724 A
