3567 5800
475 856 539 921 268
734 867 798 916 luc.
823 864 1029 916 sacrasse.
1054 865 1143 914 senc.
1167 865 1254 915 mss.

474 1056 645 1141 Speciosus
667 1055 773 1120 sonna
802 1076 870 1141 prae
893 1053 972 1118 filiis
994 1054 1167 1117 bominum
1191 1051 1346 1118 Christus
1369 1051 1461 1117 Iesus
1488 1052 1523 1115 in

473 1180 529 1221 asra
565 1158 744 1223 consistens
781 1156 882 1221 oculis
927 1156 1098 1240 utriusque
1131 1155 1309 1219 visibiliter
1353 1154 1531 1241 corporalis

473 1260 634 1345 apparuit,
667 1280 821 1345 sacraque
845 1259 964 1323 dextra
986 1279 1084 1343 super
1105 1279 1215 1343 regem
1237 1263 1376 1323 extensa
1397 1258 1529 1343 signum

476 1367 597 1428 sunctae
636 1362 739 1427 crucis
775 1382 850 1426 eum
888 1358 1114 1426 benedicendo
1152 1359 1313 1445 depinxit
1382 1360 1431 1423 At
1466 1380 1530 1423 rex

475 1465 614 1529 demisso
637 1465 742 1550 capite
762 1462 896 1529 Divinos
919 1462 1081 1528 adorabat
1102 1462 1311 1548 praesentiam
1334 1462 1530 1539 maiestatis,

476 1566 731 1652 humiliatusque
790 1565 1012 1631 benedictioni
1071 1564 1288 1630 reverentiam
1342 1564 1530 1629 exhibebat

477 1670 594 1735 Comes
624 1690 701 1734 vero
735 1668 817 1755 quid
850 1668 886 1731 in
917 1668 1029 1732 animo
1062 1667 1148 1753 regis
1178 1671 1332 1753 ageretur
1364 1667 1530 1754 ignorans,

478 1772 654 1858 volensque
677 1793 786 1857 regem
808 1776 914 1835 tantae
935 1770 1074 1835 visionis
1096 1790 1166 1835 esse
1192 1769 1395 1855 participem,
1429 1772 1534 1855 coepit

480 1875 565 1939 velle
587 1874 629 1939 ad
651 1875 760 1960 ipsum
782 1894 891 1959 regem
922 1893 1025 1957 usque
1058 1872 1242 1957 procedere.
1302 1871 1427 1936 Verum
1460 1892 1531 1948 ren,

480 1977 561 2061 quid
583 1978 617 2041 in
641 1982 750 2041 mente
772 1976 901 2040 comitis
923 1974 1121 2041 volvebatur
1157 1975 1355 2061 intelligens,
1404 1982 1422 2008 “
1440 1973 1531 2051 sta?

480 2080 596 2164 inquit,
622 2086 639 2113 “
656 2077 808 2156 Leofrice,
831 2084 893 2142 sta.
956 2076 1053 2157 Quod
1074 2084 1114 2141 tu
1135 2076 1238 2155 vides,
1261 2077 1359 2143 video
1381 2082 1417 2143 et
1439 2076 1532 2163 ego.’'

481 2181 630 2247 indeed
656 2202 766 2267 proces
788 2180 1002 2264 lacrimasque
1034 2180 1182 2245 conversi
1213 2179 1465 2245 inebriebantur
1485 2180 1532 2245 ab

479 2285 629 2349 ubertate
661 2284 777 2347 domus
800 2282 864 2347 Dei
894 2287 930 2346 et
951 2287 1099 2347 torrente
1120 2283 1303 2368 voluptatis
1336 2282 1407 2347 eius
1438 2289 1535 2368 pota·

479 2387 609 2452 bantur.
666 2385 746 2451 Post
768 2386 868 2449 finem
891 2384 988 2449 officii
1020 2386 1230 2451 contulerunt
1252 2384 1296 2449 ad
1324 2384 1466 2450 invicem
1488 2386 1533 2449 de

479 2489 604 2554 coelesti
625 2490 750 2553 visione
784 2508 974 2567 sermonem,
1009 2492 1044 2552 et
1065 2488 1190 2553 coelesti
1222 2488 1343 2574 pabulo
1372 2488 1534 2574 saginatis

480 2591 548 2656 dies
572 2591 637 2655 diei
660 2595 788 2655 eructat
809 2589 970 2669 verbum3
992 2590 1205 2677 suspiriisque
1220 2590 1334 2655 crebro
1348 2611 1532 2655 sermonem

475 2693 769 2780 intercipientibus,
806 2701 824 2729 “
847 2692 893 2758 Te
924 2690 1042 2768 nunc,”
1074 2692 1125 2756 ait
1156 2714 1224 2768 rex,
1262 2691 1342 2757 “mi
1375 2692 1532 2770 Leofrice,

480 2797 621 2883 persius
644 2816 741 2882 quem
766 2795 909 2860 vidimus
924 2795 1131 2859 maiestatem
1146 2793 1300 2870 obtestor,
1329 2816 1383 2871 ne,
1408 2794 1534 2881 quoad-

480 2921 581 2986 usque
616 2898 805 2976 vixerimus,
844 2919 950 2964 sermo
992 2898 1055 2963 iste
1097 2896 1282 2984 proferatur
1314 2896 1352 2962 in
1382 2898 1535 2984 publico,

479 3025 520 3068 nc
542 3003 598 3067 vel
631 3025 690 3067 nos
722 3001 759 3065 in
790 3001 968 3087 perniciem
999 3006 1147 3066 nostram
1181 2999 1224 3065 ob
1257 3000 1405 3066 favorem
1438 3001 1533 3088 vulgi

479 3106 588 3192 pulset
636 3104 744 3182 elatio,
792 3104 846 3168 vel
883 3103 982 3168 fidem
1024 3103 1158 3190 deroget
1203 3103 1301 3168 dictis
1345 3104 1532 3169 infidelium

480 3205 664 3275 tumulatio¹
677 3205 707 3284 ;''
738 3207 874 3272 Domini
896 3206 948 3270 sui
967 3206 1004 3269 in
1026 3204 1078 3270 bis
1100 3211 1230 3271 secutus
1252 3207 1450 3294 exemplum,
1473 3209 1533 3292 qui

479 3334 586 3378 coram
610 3310 776 3396 discipulis
798 3308 1061 3396 transfigrnatus,
1097 3308 1369 3374 descendentibus
1402 3309 1469 3374 illis
1489 3309 1533 3374 de

479 3421 599 3493 monte,
652 3423 668 3448 “
685 3411 851 3487 Nemini,''
882 3412 938 3487 ait,
977 3410 1164 3475 “dixeritis
1185 3411 1354 3490 visionem,
1386 3412 1489 3478 donec
1511 3435 1534 3477 a

479 3518 619 3583 mortuis
639 3515 743 3580 Filius
766 3513 922 3578 Hominis
944 3511 1122 3599 resmgat.”
1166 3515 1214 3579 At
1235 3535 1342 3580 comes
1364 3515 1532 3580 discedens

479 3643 500 3686 a
521 3619 619 3696 curia,
656 3617 789 3694 Divina,
825 3633 865 3682 ut
888 3615 1044 3694 creditur,
1076 3615 1291 3702 inspiratione
1315 3617 1458 3698 edoctus,
1481 3617 1532 3682 ita

480 3722 604 3788 domini
626 3722 676 3786 sui
708 3720 855 3786 servavit
888 3718 1071 3804 imperium,
1105 3724 1145 3784 ut
1167 3723 1272 3784 tantae
1295 3720 1432 3784 virtutis
1454 3719 1532 3785 sub·

479 3825 604 3889 limites
634 3823 773 3909 posteris
796 3843 863 3886 non
886 3821 1014 3886 lateret.
1068 3819 1213 3886 Veniens
1234 3821 1350 3907 itaque
1380 3823 1424 3887 ad
1462 3845 1533 3886 mo·

480 3925 660 3992 naslerium
691 3925 929 4011 Wygornense‚
960 3923 1032 3987 viro
1068 3923 1197 3988 cuidem
1226 3925 1380 4011 religioso
1417 3926 1530 3990 eadem

480 4053 546 4117 qus
574 4050 635 4094 rex
672 4049 706 4093 se
740 4027 945 4114 obligaverat
984 4025 1217 4111 [adiuratione]
1257 4028 1442 4104 constricto,
1482 4049 1533 4091 re

479 4138 567 4199 serat
612 4131 648 4196 in
691 4130 890 4195 confessione
935 4149 1125 4206 sermonem,
1170 4151 1290 4215 rogans
1334 4136 1374 4196 nt
1407 4131 1531 4196 litteris

480 4235 591 4300 tradat
621 4239 725 4300 tantae
760 4233 897 4298 visionis
927 4253 1090 4307 arcanum,
1133 4232 1258 4318 talique
1297 4233 1453 4298 recondat
1492 4232 1528 4296 in

480 4339 559 4418 loco,
599 4343 638 4402 ut
679 4341 713 4402 et
751 4341 928 4423 praesentes
966 4336 1069 4398 lateat
1106 4339 1141 4399 et
1169 4332 1356 4400 futurorum
1400 4337 1530 4401 notitiae

480 4462 547 4505 non
571 4445 692 4527 pereat.
738 4439 870 4504 Annuit
898 4437 950 4501 vir
975 4436 1031 4501 ille
1051 4442 1190 4502 sanctus
1219 4439 1363 4524 petentis
1389 4439 1528 4518 affectui,

481 4541 708 4627 schedulaeque
738 4541 933 4605 mundatum
963 4540 1111 4603 ordinem
1137 4539 1273 4605 visionis
1302 4563 1377 4606 cunr
1403 4549 1529 4608 sancto-

840 4779 847 4810 ¹
865 4775 998 4844 emulatio]
1018 4777 1103 4839 elatio,
1115 4776 1172 4828 MS.
