3567 5800
413 873 460 922 ne
482 867 600 921 orsrrs
623 869 744 922 saecu
766 871 962 923 enon—rr.
987 860 1040 938 51,
1057 863 1109 924 52.
1223 862 1288 927 385

681 1297 762 1362 OAP.
795 1293 869 1360 LII.
1303 1309 1459 1428 Rogsst'end

1304 1395 1328 1444 p.
1391 1418 1397 1429 .

299 1495 396 1583 Quod
418 1494 596 1566 Heroides
618 1495 797 1568 amadan
819 1497 992 1567 Eduardo
1014 1498 1169 1566 abaco
1190 1499 1234 1568 a'n

581 1624 729 1690 regnam
751 1601 958 1692 Aoplorum.

286 1803 485 1872 Paeonium
523 1803 790 1886 westsaxonum,
820 1805 918 1874 sicuti
956 1805 1184 1896 praemisimus,
1216 1829 1290 1892 quae
1303 1807 1383 1925 ffi
1404 1874 1420 1886 ‚¹

240 1909 277 1972 in
299 1907 474 1976 Britannia
502 1933 523 1975 a
553 1907 701 1976 Cerdioio
734 1908 924 1997 quingentis
956 1915 991 1976 et
1022 1908 1235 1998 septuaginta
1257 1912 1390 2007 et5223]
1403 1889 1429 1923 ¹¹'

240 2033 309 2077 uno
338 2012 442 2091 annis,
466 2011 508 2076 ab
539 2012 703 2100 Egbritho
736 2011 886 2078 ducentis
917 2018 952 2079 et
982 2012 1194 2101 septuaginta
1224 2034 1291 2076 uno
1304 2025 1327 2074 Ρ·
1340 2014 1397 2059 ³⁸⁵·

241 2115 337 2180 annis
358 2118 560 2204 regnaverat,
582 2114 619 2180 in
640 2115 707 2181 isto
729 2138 805 2203 rege
828 2114 996 2182 Edwardo
1019 2117 1063 2181 ad
1084 2117 1292 2203 regnandum

241 2217 375 2283 omnino
397 2217 495 2284 finem
518 2217 667 2305 sumpsit.
723 2217 833 2306 Igitur
856 2217 1011 2285 defrmcto
1034 2225 1074 2284 ut
1095 2217 1291 2306 praedictum

241 2325 292 2385 est
323 2319 487 2386 Edwardo
518 2319 704 2408 Anglorum
735 2344 810 2409 rege
845 2322 1060 2402 sanctissimo,
1084 2321 1293 2388 fluctuabant

241 2445 387 2510 proceres
408 2421 509 2511 regni,
526 2445 623 2510 quem
646 2423 710 2489 sibi
726 2446 836 2512 regem
851 2426 1056 2512 praeficerent
1077 2430 1112 2490 et
1126 2430 1293 2492 rectorem.

242 2525 384 2606 Quidam
415 2527 504 2591 enim
534 2522 700 2592 Wiilelmo
734 2525 768 2590 N
771 2549 1006 2594 ormannorum
1041 2529 1123 2607 duci,
1158 2527 1293 2615 quidam
1306 2536 1424 2600 Dispersa

242 2629 354 2695 comiti
377 2627 526 2695 Haroldo
549 2627 705 2695 Godwini
727 2629 806 2711 filio,
830 2627 888 2695 alii
911 2637 1024 2697 autem
1047 2631 1204 2697 favebant
1226 2628 1292 2694 Ed·
1306 2603 1452 2721 {gffifm

241 2755 319 2820 garo
341 2728 411 2799 filio
435 2730 592 2798 Edwardi
614 2731 677 2796 filii
700 2729 869 2798 Edmundi
894 2731 1005 2799 Ferrei
1029 2731 1166 2812 Lateris,
1182 2732 1293 2799 fratris

242 2835 399 2902 Edwardi
421 2835 607 2925 Anglorum
636 2836 722 2924 regis
752 2835 940 2924 supradicti.
998 2834 1192 2904 Edmundus
1215 2859 1293 2905 vero

243 2936 361 3005 Ferrei
400 2936 527 3007 Lateris
564 2962 624 3006 rex
659 2938 845 3027 Anglarum
883 2940 1044 3006 naturalis
1080 2942 1196 3029 genuit
1228 2938 1295 3005 Ed-

242 3042 399 3122 wardum,
424 3042 606 3108 Edwardus
638 3040 813 3130 Edgarum‚
850 3044 902 3107 oui
934 3042 975 3109 de
1005 3042 1076 3108 iure
1109 3044 1295 3109 debebatur

240 3168 378 3233 regnum
415 3142 606 3234 Anglorum.
680 3144 745 3211 Sed
784 3142 953 3211 Haroldus
990 3146 1044 3210 vir
1087 3145 1223 3211 callidus
1261 3151 1295 3212 et

242 3254 371 3316 astutus
405 3246 594 3337 intelligens
629 3246 706 3335 quia
744 3252 761 3283 “
776 3246 892 3314 nocuit
924 3270 1052 3335 semper
1074 3246 1206 3315 differre
1236 3272 1293 3336 pa

242 3350 375 3434 ratis,''¹
406 3352 443 3417 in
467 3352 519 3417 die
542 3344 739 3439 Epiphaniae
761 3372 827 3437 qua
853 3373 914 3415 rex
936 3348 1121 3417 Edwardus
1145 3352 1294 3439 sepultus
1305 3346 1402 3396 Harolu
1405 3414 1422 3462 d

243 3459 293 3521 est
319 3461 450 3522 extorta
478 3454 544 3520 fide
566 3476 587 3520 a
610 3455 789 3519 maioribus
819 3452 921 3541 regni,
945 3454 1047 3541 capiti
1068 3456 1201 3543 proprio
1231 3455 1291 3520 im·
1305 3428 1429 3463 crovne.

242 3558 353 3645 posuit
375 3558 533 3624 diadema
580 3556 760 3623 Castrensis
791 3561 904 3621 tamen
935 3554 1016 3622 dicit
1045 3557 1083 3622 in
1105 3580 1165 3623 sua
1195 3556 1463 3647 Poly-Mirm,

242 3662 423 3741 chronicon,
456 3661 544 3749 quod
580 3660 643 3727 iste
674 3658 843 3725 Haroldus
873 3663 1079 3727 consecratus
1112 3657 1222 3729 fuerat
1256 3627 1454 3745 infifftssm·

241 3788 352 3853 regem
397 3766 440 3831 ab
480 3760 626 3830 Aidredo
672 3762 870 3829 Eboracensi
917 3762 1164 3853 archiepiscopo.
1227 3766 1293 3847 Qui
1304 3778 1328 3825 e·
1336 3766 1394 3811 2⁸⁴·

242 3869 357 3934 statim
378 3874 416 3934 ut
440 3868 476 3933 in
498 3890 609 3955 regem
640 3865 799 3933 extiterat
829 3873 1010 3954 promotus,
1041 3866 1130 3955 leges
1164 3868 1293 3954 iniquas

242 3972 418 4052 destruere,
449 3992 560 4057 aequas
589 3975 624 4035 et
652 3969 756 4035 bonas
786 3968 972 4048 concedere,
1004 3970 1154 4036 ecelesias
1184 3970 1295 4037 defen·

242 4074 326 4153 dere,
358 4073 525 4161 religiosos
556 4073 668 4151 colere,
702 4077 957 4159 transgressores
989 4072 1117 4159 punire,
1149 4074 1292 4160 patriam

242 4178 329 4241 tueri
360 4178 469 4264 coepit.
530 4175 609 4241 Post
641 4174 781 4239 Haroldi
818 4174 1058 4261 promotionem
1090 4176 1192 4240 frater
1225 4177 1293 4241 eius
1306 4187 1437 4237 Tostiand

243 4279 374 4345 Tostius
400 4302 420 4343 a
445 4278 602 4345 Flandria
623 4279 759 4343 veniens
791 4298 866 4342 eum
900 4279 1042 4344 navibus
1074 4279 1294 4365 quadraginta
1305 4254 1405 4369 {mm

243 4382 280 4447 in
310 4382 395 4448 ostio
429 4381 591 4446 Humbrae
622 4379 768 4445 fluminis
806 4379 973 4467 applicuit.
1020 4378 1089 4444 Ubi
1120 4380 1292 4466 piraticam
1305 4336 1438 4439 affl

244 4505 397 4551 exercens
430 4484 590 4573 rapinem,
623 4482 666 4548 ab
700 4482 842 4547 Edwino
874 4488 909 4547 et
941 4480 1110 4547 Mercardo
1135 4482 1293 4549 fratribus
1306 4454 1431 4521 anglena

658 4786 667 4817 ¹
684 4784 808 4849 Lucani.
822 4791 879 4839 281.
