3567 5800
477 875 524 925 nr
544 874 661 926 omns
683 873 804 924 nnomr
830 873 1033 926 Aron-111,
1056 861 1087 924 2.
1268 861 1311 926 13

258 1079 377 1146 corpus
400 1059 493 1126 beati
524 1059 703 1126 Outhberti
731 1059 900 1148 pontificis
929 1060 971 1126 de
996 1057 1106 1124 insule
1130 1056 1313 1123 Lindisfnr·

259 1163 355 1228 nensi
381 1163 546 1242 tollentes,
572 1185 630 1251 per
657 1168 782 1250 septem
805 1183 911 1228 annos
934 1161 1067 1249 profugi
1092 1149 1311 1248 vagitantur.

261 1265 380 1330 Altera
417 1274 527 1332 autem
565 1289 640 1354 pers
677 1266 841 1332 exercitus
877 1285 954 1332 cum
988 1264 1086 1330 Gitro
1117 1263 1249 1330 Oskitel
1278 1267 1313 1329 et

262 1366 486 1444 Hammundo,
522 1369 654 1456 regibus
693 1369 873 1448 Donorum,
915 1368 959 1432 od
1000 1366 1242 1455 Grnntebrigge
1278 1387 1314 1432 se

259 1471 430 1537 conferens
459 1471 620 1538 hiemavit
642 1471 772 1538 ibidem.
819 1469 946 1537 Eodem
967 1475 1114 1557 tempore
1137 1470 1174 1535 in
1198 1474 1314 1536 aestote

260 1595 322 1638 rex
344 1574 500 1640 Aifredus
521 1574 592 1640 sive
607 1574 775 1640 Aluredus
795 1578 911 1660 persto
934 1573 1070 1659 navigio
1092 1594 1182 1638 mere
1204 1593 1315 1638 escen·

261 1674 334 1757 dit,¹
360 1677 418 1742 ubi
440 1683 566 1764 septem
587 1697 690 1742 naves
710 1698 815 1764 nuper
837 1676 1037 1743 adventntos
1059 1674 1314 1762 deprehendens,

261 1799 365 1844 unam
385 1777 526 1846 retinuit
547 1785 583 1847 et
604 1786 729 1846 ceteras
751 1779 787 1845 in
810 1779 925 1868 fugem
946 1779 1120 1845 convertit

1326 2002 1414 2064 Auen

313 2116 563 2185 commemo.
608 2119 663 2184 Dc
680 2117 811 2204 treugis
832 2117 927 2185 motor
942 2139 1054 2204 repent
1075 2115 1264 2204 Alfredmo
1325 2070 1484 2190 giiii?

437 2219 507 2288 otoo
527 2219 728 2288 Atorodom
750 2227 780 2288 er
800 2220 920 2288 osam
941 2220 1142 2290 constitutis
1426 2242 1440 2265 ·’

268 2429 272 2438 “
310 2421 509 2490 Nemenos
545 2423 731 2491 infidelium
768 2445 891 2492 cuneus
928 2432 1029 2492 noctu
1068 2425 1315 2516 Grcntebregge

267 2525 456 2612 relinquens
481 2525 526 2592 sd
554 2526 722 2614 regionem
746 2526 1003 2594 westsaxonum
1034 2530 1135 2608 venit,
1160 2534 1196 2596 et
1222 2530 1317 2596 War-

268 2627 346 2693 hom
371 2633 515 2695 oestrum
538 2635 734 2717 occupatum
761 2629 914 2712 introvit,
939 2635 975 2696 et
1002 2631 1053 2696 ibi
1081 2633 1317 2698 monisterium

265 2730 566 2798 sanctimonialium
598 2731 796 2798 feminarum
825 2733 914 2800 inter
944 2734 1011 2799 duo
1041 2733 1181 2800 flumine
1210 2733 1318 2800 Frane

267 2839 303 2901 et
317 2833 439 2902 Tnente
457 2834 494 2901 in
511 2857 596 2924 pago
618 2836 809 2903 Dorsetenei
833 2837 901 2903 situ
924 2837 1091 2904 tutissimo
1115 2838 1319 2918 collocatum,

266 2938 355 3025 quod
377 2959 447 3004 non
472 2938 539 3004 nisi
562 2938 605 3005 ab
631 2938 808 3007 Occidente
838 2940 1029 3027 contiguam
1058 2940 1161 3007 habet
1189 2947 1319 3008 tenum.

269 3040 355 3107 Cum
392 3044 505 3107 sutem
541 3062 603 3108 rex
639 3042 798 3108 Alfredus
834 3042 906 3109 sive
942 3043 1109 3109 Aluredus
1138 3043 1320 3109 adventum

268 3164 382 3209 eornm
405 3142 620 3231 cognovisset,
647 3143 706 3210 illo
729 3144 862 3210 obviem
889 3146 1027 3211 veniens
1049 3168 1126 3213 cnm
1151 3146 1233 3233 ipsis
1255 3146 1322 3211 dis-

268 3246 381 3333 posuit
401 3244 557 3333 proeliari.
603 3246 653 3312 At
672 3247 794 3334 pegeni
812 3246 936 3313 bellum
957 3269 1122 3315 conserere
1136 3254 1322 3314 metuentes
1333 3258 1416 3310 truce
1426 3258 1488 3309 with

271 3348 442 3435 elegerunt
464 3348 553 3413 detis
573 3346 745 3415 obsidibus
770 3349 965 3416 diletionem
980 3372 1133 3437 quaerere,
1153 3372 1321 3437 quousque
1332 3326 1375 3379 ‘h‘
1386 3326 1477 3377 Dm

269 3450 401 3517 fortiori
422 3449 529 3517 milite
551 3452 667 3540 stipati
688 3452 808 3537 sequoii
830 3457 965 3540 possent
986 3453 1079 3519 lnnce
1104 3455 1233 3541 pondus
1255 3476 1321 3521 oer-

270 3554 408 3619 tnminis
435 3552 605 3621 sustinere.
651 3554 852 3621 Iursvemnt
881 3555 1017 3642 insuper
1042 3556 1131 3643 quod
1154 3557 1195 3623 de
1220 3578 1323 3645 regno

277 3654 533 3722 Westssxonnm
561 3656 671 3723 forent
707 3658 864 3725 continuo
900 3659 1066 3724 recessuri
1128 3658 1195 3725 Sed
1231 3682 1322 3727 more

270 3758 370 3824 solito
398 3758 531 3825 &liscio
559 3764 701 3842 utentes,
732 3760 866 3849 dirupto
895 3760 1018 3828 foedere
1054 3768 1150 3829 nocte
1181 3763 1323 3849 quadam

270 3860 432 3926 furtivum
472 3860 629 3929 facientes
666 3862 829 3950 impetum
866 3864 1037 3930 universos
1073 3866 1160 3953 regis
1197 3867 1323 3953 equites
1334 3890 1472 3945 messor

270 3969 490 4051 peremerunt
537 3964 612 4045 Quo
637 3964 734 4046 scoto,
757 3966 802 4031 ed
827 3965 999 4033 civitatem
1022 3966 1189 4033 Exonism
1214 3969 1323 4034 diver·
1334 3968 1413 4011 Μ·

269 4072 358 4133 tunt
403 4066 497 4133 Tunc
521 4088 582 4133 rex
603 4066 760 4133 Aifredus
783 4068 853 4135 sive
879 4068 1047 4136 Aluredus
1074 4072 1221 4138 exercitu
1246 4050 1494 4169 con-'ffiffl‘'

270 4174 409 4258 gregato
438 4168 609 4256 insequtue
646 4174 696 4236 est
724 4193 800 4237 eos:
839 4170 898 4237 sed
935 4172 1014 4259 quio
1050 4173 1220 4239 civitotem
1256 4173 1437 4239 iamnes.

269 4271 411 4360 ingressi
433 4272 576 4353 fuerent,
599 4273 749 4361 permisit
770 4274 843 4341 illos
865 4274 989 4341 ibidem
1011 4274 1164 4342 hiemare.

317 4376 445 4441 Eodem
474 4382 622 4464 tempore
647 4398 705 4443 rex
731 4376 904 4444 Danorum
927 4377 1115 4444 Huldenius
1138 4353 1442 4487 Nondum-{iffi

268 4478 379 4546 briam
409 4499 577 4567 occupans,
610 4478 674 4544 sibi
705 4501 777 4546 enm
807 4480 938 4567 suisque
967 4481 1128 4549 ministris
1156 4482 1320 4562 describit,
1332 4489 1376 4539 the
1386 4489 1482 4553 Dana,

1332 4556 1359 4605 in
1370 4556 1438 4607 Nor·

1332 4623 1466 4675 nummu

609 4808 617 4840 ¹
629 4807 747 4877 madir]
759 4808 897 4875 mdt,
907 4806 965 4862 MS.
