3567 5800
459 863 506 912 aa
527 863 640 914 ossam
662 863 782 915 ιιιιιοιι
804 863 1001 914 suan-111.
1026 850 1075 916 13.
1248 852 1289 920 69

242 1082 280 1128 se
301 1081 376 1125 cum
399 1059 467 1126 suis
492 1058 601 1148 regnis
626 1059 811 1148 anglorum
832 1058 905 1148 regi
925 1059 1088 1127 dedidere.
1134 1061 1178 1127 In
1200 1063 1291 1129 cuius

246 1161 334 1250 pacti
363 1162 472 1250 gratia
500 1163 607 1228 filium
638 1161 850 1230 Constantini
879 1163 1044 1252 baptizari
1066 1163 1192 1230 iussum
1221 1166 1291 1252 ipse
1392 1203 1398 1218 ·

246 1266 288 1333 de
308 1287 399 1332 sacro
420 1266 512 1332 fonte
533 1265 684 1354 suscepit.
734 1265 818 1332 Erat
837 1271 953 1333 tamen
975 1265 1172 1334 (ledeia-idus
1203 1267 1293 1336 inter

246 1373 423 1456 apparatus
458 1368 687 1435 itinerantium
722 1367 802 1458 iuga
838 1389 915 1434 cum
951 1369 1095 1458 quodam
1129 1369 1291 1449 Turlrido,

247 1470 448 1538 diversarum
478 1471 623 1560 partium
654 1470 744 1550 duce,
767 1471 904 1560 lapsus3
935 1492 1079 1560 moxque
1108 1461 1293 1540 Eboracum

246 1573 408 1651 obsidens,
438 1573 681 1662 oppidanosque
710 1595 798 1640 nunc
827 1573 977 1662 precibus
1006 1595 1096 1640 nunc
1129 1575 1228 1642 minis
1249 1576 1294 1642 ad

247 1675 462 1742 defectionem
491 1675 691 1743 sollicitans:
737 1681 772 1743 et
808 1681 966 1742 neutrum
997 1697 1058 1764 pro
1086 1681 1166 1744 voto
1195 1699 1295 1766 expe-

247 1777 347 1859 diens,
376 1778 540 1845 absoessit
600 1779 672 1846 Nec
704 1779 810 1846 multo
843 1783 920 1866 post
949 1780 987 1845 in
1017 1779 1159 1866 quodam
1188 1785 1295 1848 castro

246 1881 343 1946 ambo
379 1881 531 1960 conclusi,
569 1881 826 1948 custodientium
863 1881 1093 1970 perspicaciam
1137 1880 1295 1971 fugiendo

247 1983 404 2050 luseramt
471 1983 620 2065 Quomm
663 1983 836 2050 Turfiidus
885 1989 1016 2050 mature
1074 1984 1161 2050 diem
1211 1985 1296 2053 obiit

246 2088 283 2153 in
324 2087 444 2188 pelago
487 2086 673 2175 naufragus,
726 2087 850 2206 prada
913 2086 1057 2174 piscibus
1101 2089 1293 2174 expositus.

248 2189 446 2258 Godefridus
476 2187 593 2256 multis
626 2189 766 2256 miseriis
787 2194 879 2256 terra
900 2189 1048 2277 marique
1078 2189 1230 2270 iactatus,
1253 2191 1297 2257 ad

247 2298 448 2380 postremum
476 2292 616 2380 supplex
638 2292 682 2358 ad
703 2292 827 2360 curiam
849 2292 966 2374 venit3
987 2293 1100 2380 ibique
1122 2291 1255 2380 pacifice
1274 2317 1298 2360 a

247 2418 323 2484 rege
354 2399 532 2484 sraceptus,
569 2398 726 2483 quattuor
755 2393 871 2462 diebus
899 2393 1122 2482 profusissime
1154 2418 1229 2462 cum
1258 2418 1297 2462 eo

245 2501 452 2577 convivatus,
467 2519 570 2565 naves
591 2520 667 2564 suas
689 2497 832 2586 repetiit,
849 2499 960 2585 pirata
973 2501 1071 2564 vetus
1092 2497 1186 2566 etin
1207 2520 1297 2586 aqua

247 2603 333 2669 sicut
351 2599 449 2689 piscis
465 2601 580 2669 vivere
599 2607 782 2668 consuetus·
836 2599 1066 2667 AEthelstanus
1087 2621 1148 2667 rex
1169 2602 1298 2668 interea

247 2710 394 2772 castrum
427 2703 517 2790 quod
546 2703 626 2771 olim
660 2702 750 2769 Dani
785 2702 822 2769 in
857 2703 1005 2770 Eboraco
1038 2703 1296 2772 obfirmaverant

247 2809 290 2874 ad
309 2807 416 2874 solum
437 2806 551 2888 diruit,
573 2828 616 2872 ne
638 2809 724 2872 esset
746 2825 811 2892 quo
832 2827 868 2872 se
889 2807 996 2872 tutari
1017 2811 1129 2894 posset
1150 2807 1297 2896 perfidia

249 2912 376 2991 Praeda,
407 2932 482 2997 quae
511 2909 549 2976 in
583 2914 689 2975 castro
722 2914 853 2997 reperta
882 2908 1001 2990 fuerat,
1032 2914 1068 2976 et
1096 2932 1136 2976 ea
1163 2910 1297 3029 quidem

247 3013 456 3102 amplissima,
479 3012 650 3100 magnifice
672 3015 707 3079 et
727 3010 855 3078 viritim
878 3012 993 3077 divisa.
1038 3010 1113 3079 Hoc
1133 3012 1223 3079 enim
1243 3013 1404 3081 virilis·
1347 3044 1438 3094 ιιιι

246 3116 302 3184 ille
338 3114 452 3181 animo
483 3114 704 3200 imperaverat
734 3135 801 3193 suo,
834 3116 875 3179 ιιι
906 3112 991 3178 nihil
1020 3135 1120 3200 opum
1153 3114 1197 3180 ad
1225 3137 1297 3182 cru-
1307 3094 1396 3162 ΜΨ·

249 3241 361 3285 manas
383 3216 576 3297 corraderet,
602 3216 661 3283 sed
683 3215 795 3282 omnia
819 3214 1005 3302 conquisita
1024 3216 1079 3281 vel
1099 3218 1298 3284 monasterio

248 3324 302 3390 vel
345 3320 500 3387 fidelibus
536 3318 606 3385 suis
641 3318 816 3385 munificus
853 3318 1061 3405 expenderet
1121 3317 1165 3383 In
1210 3320 1298 3408 [hoc]

250 3426 418 3491 thesauros
446 3426 610 3510 paternos,
641 3420 678 3488 in
710 3421 772 3487 hoc
792 3420 1007 3487 victoriarum
1027 3442 1161 3486 suarum
1182 3422 1300 3489 titulos

250 3533 321 3595 tota
356 3527 430 3592 vita
470 3523 663 3602 evacuabat,
702 3523 774 3590 Deo
817 3521 1055 3589 famulantibus
1097 3545 1220 3610 pronus
1264 3530 1299 3592 et

251 3628 363 3707 dulcis,
393 3626 485 3693 laicis
506 3626 667 3693 iocundus
697 3630 732 3692 et
763 3625 872 3704 comis,
904 3625 1116 3713 magnatibus
1141 3649 1201 3714 pro
1222 3650 1298 3695 con·

250 3731 340 3799 tuitu
369 3728 554 3799 maiestatis
582 3750 706 3810 servus,
739 3728 922 3793 minoribus
945 3749 1005 3815 pro
1028 3729 1297 3798 condescensione

251 3832 456 3923 paupertatis
478 3832 626 3919 deposito
647 3830 743 3920 regni
761 3829 935 3918 supercilio
953 3830 1131 3898 affabiliter
1148 3834 1295 3901 sobrius:

251 3942 384 4017 statura,
423 3940 464 4002 ut
501 3934 805 4021 acceptansque
841 3934 964 4001 iustam
1000 3955 1068 4001 non
1103 3936 1295 4003 excelleret·
1285 3946 1421 4067 ςΗιιιιι-

251 4061 381 4129 corpore
403 4036 569 4118 deducto,
600 4035 725 4123 capillo,
750 4034 829 4101 ut
819 4034 883 4123 1psi
910 4056 953 4100 ex
974 4035 1122 4123 reliquiis
1142 4015 1379 4117 vidimus,'⁰¹²⁸¹
1286 4092 1412 4145 ,W

251 4144 345 4223 flavo,
367 4142 434 4207 filis
456 4138 564 4206 aureis
585 4138 697 4227 pulcre
726 4137 860 4205 intorta.
917 4136 1056 4205 Civibus
1077 4138 1341 4207 admirationem
1307 4162 1378 4200 ιι.οι

250 4242 454 4313 fortitudinis
479 4248 514 4309 et
535 4240 734 4309 humilitatis
763 4260 937 4327 percarus3
965 4239 1143 4307 rebellibus
1170 4242 1298 4311 invicta

252 4348 435 4416 constantia
465 4344 668 4411 fulmineus:
708 4342 1032 4425 Northwallensium,
1062 4342 1099 4409 id
1126 4349 1178 4411 est
1206 4344 1298 4413 Brit-
1370 4384 1373 4391 ·

252 4457 366 4518 tonum
411 4446 667 4536 Aquilonalium,
715 4444 843 4534 ramulos
892 4447 981 4533 apud
1027 4445 1297 4525 Herefordensem

252 4554 366 4621 urbem
387 4552 493 4640 coegit
516 4570 690 4630 ocurrere,
721 4552 756 4615 et
785 4548 989 4636 aliquamdiu
1019 4549 1227 4618 calcitrantes
1260 4554 1297 4621 in

254 4657 452 4723 deditionem
474 4654 623 4721 transire.
669 4653 724 4719 Ita
737 4674 811 4739 quae
833 4652 944 4719 nullus
966 4658 1044 4720 ante
1065 4676 1142 4722 eum
1162 4675 1224 4722 rex
1243 4657 1297 4725 vel

255 4760 393 4846 cogitare
421 4759 682 4847 praesumpserat,
712 4754 783 4843 ipse
805 4754 1017 4825 ineffectum
1047 4756 1227 4827 formavitr
1257 4765 1297 4827 ιιι
