3567 5800
464 804 528 867 232
727 815 792 867 me.
814 818 862 866 ns
884 815 1018 868 omaso.
1042 786 1131 869 sere.
1155 819 1242 868 fflsr.

462 999 599 1065 lenitate
645 1001 832 1089 depulisset,
871 1008 893 1042 “
909 1002 1013 1082 Rex,''
1043 1003 1163 1090 inquit,
1197 1011 1218 1039 “
1232 1003 1417 1069 Edwardus
1453 1023 1517 1087 pro

422 1146 427 1155 ·
462 1108 541 1169 voto
562 1125 628 1190 quo
647 1125 683 1171 se
705 1126 780 1171 eum
801 1103 910 1171 adbuc
930 1106 1082 1173 extuaret
1103 1106 1315 1186 astrinxerat,
1336 1125 1399 1193 pro
1419 1105 1517 1189 regni

462 1204 563 1271 etiam
596 1228 675 1294 paca
706 1208 879 1296 plebisque
899 1209 1045 1292 consilio,
1083 1232 1142 1297 pro
1178 1229 1360 1298 pauperum
1382 1228 1517 1294 quoque

462 1308 654 1376 necessitate
684 1332 843 1399 preceque
873 1310 1043 1395 sollicitus,
1067 1311 1251 1379 Romanam
1278 1310 1449 1379 ecelesiam
1471 1309 1517 1375 de

462 1412 614 1479 omnibus
645 1414 786 1479 credidit
816 1415 1058 1482 consulendam
1119 1415 1262 1481 Noverit
1282 1436 1361 1502 ergo
1382 1435 1418 1477 se
1438 1434 1518 1478 mea

462 1514 659 1581 auctoritate
679 1516 724 1583 ab
747 1518 808 1583 bac
831 1516 1032 1605 obligatione
1055 1516 1211 1600 solutum,
1240 1517 1341 1584 etde
1361 1514 1516 1583 ooenobio

461 1616 505 1681 ad
527 1618 593 1683 mei
614 1619 773 1686 honorem
794 1619 938 1686 nominis
959 1621 1179 1687 construendo
1199 1643 1222 1687 a
1242 1640 1373 1686 summo
1405 1618 1520 1706 ponti-

461 1719 522 1785 fice
543 1722 719 1809 suscepisse
740 1722 883 1789 salutare
898 1722 1104 1790 mandatum.
1150 1724 1386 1791 Incunctanter
1399 1721 1518 1806 itaqua

461 1821 566 1889 literis
587 1823 773 1912 apostolicis
795 1825 895 1891 fidem
917 1825 1047 1907 habeat,
1070 1829 1241 1913 praeeptis
1263 1824 1406 1907 obediat,
1435 1846 1516 1890 con·

461 1924 543 1991 siliis
564 1926 762 2014 adquiescat.
807 1928 841 1993 A
854 1949 909 1993 me
929 1928 1019 1994 enirn
1042 1950 1189 2016 egressus
1208 1934 1261 1995 est
1283 1950 1391 1995 sermo
1412 1948 1516 2015 quem

461 2028 525 2094 sibi
554 2030 720 2116 quondam
750 2036 927 2117 patronum
960 2030 1069 2119 elegit,
1102 2031 1169 2099 viae
1199 2032 1361 2113 comitem,
1394 2030 1518 2118 gratiss

460 2131 657 2218 largitorem.
704 2134 765 2199 Est
786 2140 900 2201 autem
920 2134 1006 2201 mibi
1028 2135 1117 2201 loeus
1139 2157 1182 2200 ex
1204 2134 1398 2201 occidentali
1420 2140 1517 2221 parte

461 2234 640 2303 Londonise
661 2259 683 2303 a
704 2260 757 2303 me
780 2238 911 2316 electus,
941 2237 1026 2303 mihi
1047 2237 1195 2321 dilectus,
1225 2261 1322 2325 quem
1344 2238 1515 2325 quondam

460 2338 541 2402 mibi
563 2340 702 2427 propriis
724 2341 876 2407 manibus
898 2341 1094 2422 consecravi,
1125 2362 1200 2407 mea
1222 2341 1400 2407 nobilitavi
1430 2362 1517 2427 prae-

461 2440 575 2519 sentia,
600 2442 723 2508 «livinis
745 2443 879 2530 iusuper
907 2442 1077 2509 miraculis
1110 2443 1284 2509 illustravi
1339 2442 1517 2529 Thorneya

461 2564 580 2609 nomen
601 2550 652 2611 est
674 2544 759 2625 loci;
804 2545 862 2633 qni
885 2546 1052 2633 quondam
1075 2547 1117 2612 ob
1147 2552 1281 2635 peccata
1301 2545 1416 2634 populi
1437 2545 1517 2610 bar-

460 2645 615 2713 barorum
652 2648 797 2715 traditus
840 2648 1009 2737 potestati,
1054 2649 1281 2737 pauperrimus
1317 2671 1360 2714 ex
1398 2648 1516 2728 divite,

461 2748 594 2814 humilis
615 2772 658 2815 ex
680 2750 823 2833 sublimi,
854 2774 898 2817 ex
919 2751 1023 2818 nobili
1044 2752 1152 2818 factus
1173 2758 1225 2818 est
1245 2750 1515 2838 contemptibilia

460 2849 560 2918 Hune
581 2873 641 2919 rex
662 2875 715 2920 me
738 2854 950 2943 pracipiente
971 2854 1009 2920 in
1031 2852 1257 2922 habitaculum
1277 2854 1514 2922 monaehomm

458 2953 615 3042 suscipiat
652 2958 880 3045 reparandum,
917 2957 1163 3024 sublimandum
1194 2958 1351 3038 aedificiis,
1388 2980 1515 3045 posses

458 3056 606 3124 sionibus
640 3059 874 3146 ampliandum.
935 3060 1013 3126 Non
1035 3061 1102 3127 erit
1123 3060 1170 3126 ibi
1194 3060 1285 3127 aliud
1307 3060 1373 3127 nisi
1396 3062 1515 3128 domna

459 3159 523 3226 Dei
545 3165 580 3225 at
613 3167 710 3249 porta
731 3161 814 3230 coeli.
874 3161 930 3228 Ibi
952 3163 1108 3252 erigenda
1129 3167 1180 3230 est
1210 3163 1298 3230 scala
1329 3185 1514 3252 perquam

458 3263 669 3330 ascendentes
692 3269 726 3331 et
757 3265 991 3332 descendentes
1012 3266 1122 3354 angeli
1153 3288 1262 3353 preces
1284 3270 1320 3332 et
1341 3273 1422 3332 vota
1454 3267 1516 3332 bo·

458 3366 585 3432 minum
624 3366 694 3432 Deo
739 3368 915 3456 perferant,
962 3375 997 3436 et
1033 3369 1178 3435 referant
1215 3368 1365 3456 gratiam.
1427 3369 1514 3436 Inde

457 3469 709 3536 ascendentibus
740 3471 893 3538 reserabo
923 3470 1058 3537 ianuam
1088 3469 1241 3560 paradisi,
1275 3477 1316 3538 ut
1338 3494 1382 3538 ex
1405 3471 1515 3540 officio

457 3571 545 3658 quod
582 3594 674 3639 meus
711 3572 795 3640 mibi
826 3573 992 3640 Dominus
1029 3597 1067 3641 ac
1100 3574 1254 3640 Salvator
1284 3575 1437 3642 iniunxit
1476 3581 1515 3642 et

456 3675 574 3763 ligatos
595 3676 772 3756 absolvam,
806 3683 841 3742 et
863 3675 1032 3744 absolutos
1063 3678 1246 3766 suscipiam,
1277 3683 1312 3744 et
1340 3700 1441 3766 quam
1461 3681 1516 3746 eis

457 3777 613 3845 delictum
633 3779 826 3857 obcluserat,
841 3779 1031 3846 iustificatis
1054 3781 1172 3868 patriae
1194 3779 1342 3867 portam¹
1368 3783 1515 3848 coelestis

456 3881 610 3968 aperiam.
667 3881 719 3948 Tu
748 3888 860 3948 autem
892 3883 1005 3948 omnia
1026 3904 1102 3972 qnae
1125 3903 1146 3948 a
1167 3905 1220 3949 me
1242 3881 1367 3949 audisti
1390 3891 1426 3952 et
1460 3885 1515 3952 di·

456 3983 567 4050 dicisti
598 3983 703 4050 literis
724 3985 859 4052 tradens
891 3985 990 4052 mitte
1021 3985 1081 4072 qui
1106 3985 1248 4073 perierat
1269 3985 1349 4074 regi,
1382 3993 1424 4053 ut
1445 3985 1516 4054 Dei

457 4109 591 4154 inuuere
640 4085 805 4175 duplicato
853 4092 888 4154 et
935 4090 975 4154 de
1021 4087 1228 4156 absolutione
1276 4089 1430 4169 securior,
1478 4096 1516 4158 et

456 4191 492 4254 in
547 4189 702 4278 praecepti
750 4191 947 4258 executione
992 4191 1153 4274 devotior,
1205 4189 1242 4257 in
1286 4192 1352 4258 mei
1396 4199 1515 4259 antem

457 4293 630 4359 dilectione
668 4295 702 4358 et
739 4293 897 4380 obsequio
934 4296 1120 4382 reperiatur
1152 4289 1376 4382 propensior.”
1445 4295 1515 4364 His

458 4395 555 4464 dictis
591 4397 650 4462 lux
682 4417 755 4462 cum
793 4397 949 4484 loquente
987 4398 1158 4485 disparuit.
1217 4397 1280 4463 Ille
1317 4397 1403 4464 nibil
1441 4423 1514 4468 mo·

773 4731 781 4763 ¹
790 4731 883 4797 pntrioe
889 4729 1001 4797 portora]
1019 4729 1188 4796 pennalis.
