3567 5800
496 837 539 898 48
759 853 824 902 nm.
849 853 896 901 nn
917 853 1050 902 ornare.
1074 853 1163 902 srnc.
1187 855 1274 904 mss.

492 1033 607 1122 brigge
634 1037 761 1114 dieitur,
786 1043 1016 1123 pervenerunt
1064 1039 1137 1104 Illis
1167 1045 1280 1105 autem
1305 1039 1542 1122 recedentibus,

493 1138 589 1204 iussit
609 1157 670 1204 rex
693 1161 804 1206 eorum
826 1163 929 1207 naves
950 1142 1027 1230 igne
1050 1144 1255 1209 ooncremari

918 1590 1017 1658 CAP.
1041 1591 1121 1658 VII.

326 1809 483 1874 laguena
535 1795 576 1860 Ut
598 1816 657 1860 rea
678 1793 848 1882 Alfreclus
869 1792 940 1860 aive
962 1793 1143 1860 Aluredue
1165 1794 1317 1862 custodes
1338 1795 1382 1862 a'o
1403 1817 1512 1882 reque

326 1877 459 2004 ffiffi*
904 1889 1138 1964 aarum

327 2010 396 2060 Ab.
410 2015 466 2062 897.

327 2101 467 2152 Gaudiana
541 2087 666 2153 Eonnn
703 2093 848 2176 tempore
886 2088 1041 2154 Alfredus
1078 2088 1148 2153 sive
1185 2088 1350 2155 Aluredus
1392 2089 1545 2156 custodes

327 2168 448 2299 mom
494 2191 588 2277 regni
610 2192 785 2258 constituit
806 2161 924 2258 contio
946 2191 1118 2257 Danorum
1141 2191 1349 2278 irruptiones,
1372 2192 1408 2257 in
1424 2193 1545 2259 Guntia

327 2301 425 2364 against
442 2303 485 2354 the
498 2293 738 2359 Oeolmundum
771 2293 1001 2381 primicerium,
1032 2293 1068 2358 in
1102 2294 1183 2359 urbe
1210 2294 1344 2360 Rofensi
1371 2293 1544 2381 Swythnl-
1591 2335 1596 2348 ·

327 2367 417 2419 ΜΝ·
496 2396 598 2483 phum
629 2397 821 2484 episcopum,
850 2397 886 2461 in
908 2396 1061 2462 Estsexia
1091 2396 1243 2462 comitem
1267 2395 1481 2478 Brithnlfum,
1509 2399 1546 2462 in

496 2499 576 2564 urbe
599 2498 843 2565 Londoniarum
870 2498 1023 2564 comitem
1047 2497 1273 2577 Ethelrednm,
1304 2499 1340 2562 in
1362 2499 1546 2565 Dorkeees-

495 2601 561 2666 tria
583 2599 768 2668 Halardum
798 2601 994 2688 episcopum,
1025 2601 1062 2665 in
1088 2599 1269 2666 Suthsexia
1295 2601 1487 2680 Eedulsum,
1511 2603 1546 2666 in

495 2703 668 2770 Wintonia
698 2703 907 2769 Berthnlfum
937 2704 1132 2790 episcopum,
1166 2709 1202 2768 et
1232 2703 1269 2767 in
1298 2703 1376 2768 locis
1406 2703 1547 2770 diversis

493 2807 574 2872 alios
597 2807 728 2883 multos,
753 2827 834 2892 quos
856 2806 992 2890 longum
1016 2810 1066 2870 est
1088 2826 1147 2891 per
1169 2805 1318 2871 ordinem
1340 2806 1490 2872 recitare

364 2885 479 2973 ngships.
538 2910 611 2992 Quo
645 2910 746 2975 etiam
779 2914 927 2995 tempore
964 2907 1042 2973 fecit
1079 2930 1139 2973 rex
1170 2908 1284 2995 longas
1315 2930 1428 2989 naves,
1462 2932 1548 2995 quas

492 3014 605 3100 oynlas
643 3013 712 3077 sive
749 3011 873 3098 galeias
917 3009 1094 3097 appellant,
1132 3009 1298 3088 febriente,
1340 3010 1378 3075 in
1423 3012 1547 3098 quibus

492 3116 628 3181 armatis
658 3114 826 3201 impositis,
859 3113 957 3178 iussit
986 3112 1087 3177 maris
1116 3112 1251 3177 semitas
1280 3112 1475 3195 observare3
1508 3118 1549 3179 ut

492 3223 563 3283 tam
585 3217 698 3283 navali
721 3238 821 3303 quam
847 3215 996 3281 terrestri
1022 3214 1138 3302 proelio
1161 3214 1254 3301 regni
1280 3215 1332 3280 sni
1356 3216 1549 3303 tranquilli-

494 3322 559 3389 tati
581 3326 616 3389 et
638 3320 701 3387 sibi
724 3319 879 3387 subiectis
901 3318 1030 3406 populis
1052 3316 1250 3405 provideret

326 2885 363 2936 Lo

325 3633 483 3752 flfffigd·
535 3647 782 3715 comasino.
827 3643 878 3710 De
900 3649 1010 3728 strepa
1033 3640 1075 3708 ab
1097 3638 1228 3727 Anyta's
1248 3638 1351 3707 illam
1375 3638 1504 3707 Duum.

325 3768 462 3885 iiiia.
543 3818 669 3884 Eonnn
701 3820 847 3902 tempore
881 3813 1001 3901 pagani
1035 3834 1108 3879 eum
1138 3834 1197 3877 sex
1226 3812 1328 3899 galeis
1357 3809 1394 3875 in
1423 3812 1550 3876 ostium

325 3925 415 3976 Alere
497 3921 651 4000 fluminis,
674 3918 727 3985 eui
749 3918 949 3985 Uthermare
971 3937 1090 3982 nomen
1113 3920 1171 3991 eet,
1194 3914 1402 4001 applicantes,
1426 3914 1553 4000 praedis

270 4058 273 4067 ,
324 3992 469 4044 defeatsthe

326 4066 417 4119 Dones

498 4025 621 4092 ibidem
651 4022 816 4088 vacabant
845 4025 879 4087 et
908 4018 1040 4106 rapinis.
1087 4016 1185 4097 Quod
1213 4016 1284 4103 regi
1309 4016 1446 4081 Aisredo
1477 4016 1553 4082 sive

499 4127 646 4195 Aluredo
669 4148 742 4191 cnm
764 4124 956 4189 nuntiatum
978 4121 1101 4196 firisset,
1118 4118 1328 4205 praedonibus
1349 4118 1554 4185 festinanter

497 4232 645 4311 occurrit,
669 4248 844 4313 eorumque
868 4224 1019 4291 laueratis
1045 4221 1232 4310 agminibus
1253 4220 1401 4306 praedam
1435 4242 1554 4287 excus-

383 4392 387 4399 .
496 4334 550 4415 sit,
572 4339 607 4399 et
629 4354 683 4401 eos
705 4332 748 4397 ad
769 4350 871 4394 naves
893 4328 1008 4415 fugere
1029 4326 1143 4411 coegit
1191 4322 1280 4403 Quos
1302 4344 1363 4388 rex
1383 4344 1462 4388 cnm
1480 4324 1554 4388 suis

495 4436 636 4501 viriliter
656 4434 836 4519 insequtus,
850 4430 956 4496 sexies
977 4428 1100 4514 viginti
1121 4447 1164 4491 ex
1186 4425 1233 4491 eis
1255 4424 1431 4490 interfecit
1476 4426 1554 4491 Ubi

497 4538 597 4603 etiam
625 4558 667 4603 ex
694 4534 820 4599 familia
850 4533 937 4619 regis
967 4528 1187 4617 quadraginta
1217 4526 1283 4592 duo
1312 4526 1437 4592 milites
1468 4528 1557 4593 oeei-

496 4639 621 4704 derunt.
668 4635 811 4724 Paganis
833 4634 939 4722 igitur
960 4632 1003 4697 ad
1025 4654 1115 4696 mare
1141 4628 1353 4717 fugientibus,
1377 4631 1491 4695 ventis
1516 4630 1556 4693 in

494 4742 695 4806 eontrarium
732 4737 930 4826 fngientium
968 4734 1152 4821 piratarum
1190 4730 1403 4819 spirantibus,
1436 4732 1557 4798 fractis
