3567 5800
502 854 567 923 234
756 876 823 925 mo.
848 876 895 924 mr
918 876 1051 927 omme.
1076 876 1163 929 erse.
1188 878 1275 927 mer.

501 1058 575 1123 vite
610 1081 679 1140 suo,
713 1062 854 1127 reddens
892 1064 985 1130 coecis
1023 1065 1132 1131 visum
1163 1068 1197 1130 et
1235 1064 1359 1129 claudis
1397 1084 1556 1149 gressum,

501 1158 619 1248 fugens
641 1162 754 1240 febres,
776 1170 812 1229 et
834 1166 1041 1253 paralyticos·
1067 1190 1194 1248 sanans,
1216 1173 1251 1233 et
1282 1167 1428 1234 diversus
1449 1167 1558 1231 homi·

501 1284 582 1327 num
612 1264 819 1333 valetudines
849 1291 975 1335 curans.
1022 1270 1187 1337 Praeterea
1217 1292 1276 1336 rex
1306 1270 1423 1336 bea-tus
1452 1269 1558 1334 infor-

500 1371 610 1432 matus
631 1366 791 1434 relations
812 1370 1063 1459 fidedignorum,
1088 1374 1251 1460 quomodo
1282 1373 1421 1439 eundem
1444 1371 1555 1438 locum

500 1468 541 1534 de
564 1492 630 1555 quo
651 1470 740 1536 idem
763 1494 872 1554 senex,
896 1476 988 1540 cuius
1010 1498 1111 1563 supro
1140 1476 1358 1556 meminimus,
1388 1496 1445 1561 per
1474 1475 1557 1541 bea-

500 1577 573 1637 tum
606 1574 744 1640 Petrum
781 1578 966 1663 apostolum
1003 1581 1148 1645 monitus
1179 1582 1288 1646 fueret
1322 1579 1450 1645 oraculo
1486 1578 1554 1643 sibi

499 1681 630 1742 ostenso
651 1678 721 1765 regi
743 1701 802 1766 per
823 1702 900 1746 suus
923 1682 1035 1747 literas
1061 1683 1228 1761 intimare,
1251 1696 1399 1769 tempore
1422 1683 1556 1768 Augus·

498 1779 563 1843 tini
585 1781 725 1867 apostoli
748 1782 914 1869 angelioo¹
938 1784 1121 1851 ministerio
1151 1786 1255 1851 fultus
1277 1785 1417 1873 propriis
1446 1784 1555 1849 meni-

497 1882 559 1947 bus
585 1892 854 1967 consecraveret3
891 1888 1064 1975 multoque
1094 1894 1245 1955 veterum
1275 1910 1389 1977 regum
1420 1888 1555 1952 munifi-

369 1998 392 2031 *
498 1987 607 2051 centia
642 1987 852 2068 honoratum,
886 1996 1020 2078 propter
1057 1997 1259 2058 vetustatem
1292 1998 1326 2057 et
1364 1992 1555 2077 frequentes

402 2143 415 2153 .
497 2088 660 2155 bellorum
693 2094 858 2159 tumultus
887 2116 972 2180 pene
1003 2095 1181 2162 videbatur
1216 2096 1426 2161 destructum.
1473 2094 1555 2159 Cer-

497 2213 644 2279 nensque
667 2194 748 2260 dicti
770 2196 857 2261 senis
872 2197 1033 2263 visionem
1055 2204 1090 2264 et
1113 2198 1307 2285 apostolicas
1328 2196 1462 2263 literas²
1484 2195 1554 2261 sibi

421 2288 429 2301 ⁹
497 2295 636 2383 nequalia
681 2298 844 2378 detulisse,
884 2301 1052 2368 conferens
1087 2300 1295 2367 voluntatem
1342 2320 1435 2365 suern
1472 2320 1551 2364 cum

496 2400 671 2467 voluntate
709 2401 773 2467 Dei
810 2407 846 2468 et
882 2426 958 2469 cum
994 2406 1100 2471 totius
1136 2405 1230 2492 regni
1269 2402 1427 2469 electione
1463 2402 1553 2469 circe

495 2501 640 2568 eiusdem
662 2504 726 2569 loci
747 2507 998 2573 restructionem
1029 2528 1161 2595 operam
1191 2506 1293 2585 dedit,
1317 2506 1468 2595 expensis
1498 2506 1553 2571 in·

495 2606 640 2671 numeris
662 2629 729 2673 non
751 2611 922 2694 parcendo.
980 2610 1025 2676 Et
1055 2616 1094 2676 ut
1117 2610 1250 2677 devotio
1283 2611 1368 2698 regis
1390 2632 1489 2696 quem
1511 2609 1552 2675 in

495 2708 578 2775 dicti
622 2709 685 2775 loci
727 2712 980 2779 modificatione
1017 2714 1087 2779 sive
1125 2714 1342 2779 restructione
1386 2712 1553 2778 habuerat

494 2811 618 2898 legenti
646 2814 853 2882 manifestius
882 2821 1048 2906 apparent,
1079 2816 1188 2905 placet
1217 2822 1347 2905 portem
1378 2814 1550 2881 cuiusdam

494 2921 595 2984 cartre
616 2940 717 3006 quem
743 2919 833 2987 dioto
862 2919 935 2988 loco
958 2921 1001 2987 ad
1030 2922 1178 2987 eiusdem
1200 2921 1379 2988 tuitionem
1402 2921 1437 2986 in
1459 2921 1552 2986 futu·

493 3042 568 3085 rum
606 3021 789 3091 confeceret
826 3024 864 3088 in
901 3025 1056 3112 praesenti
1094 3047 1190 3112 opere
1228 3031 1396 3091 annotare.
1445 3022 1551 3090 Cuius

493 3127 591 3191 tenor
611 3126 689 3192 telis
711 3133 769 3193 est.

327 3263 473 3318 mmm,
539 3228 612 3295 “In
641 3231 776 3298 nomine
799 3229 931 3297 Senetee
965 3237 1000 3298 et
1023 3229 1214 3298 Indiuidure
1247 3229 1429 3298 Trinitatis.
1475 3229 1550 3316 Ego

325 3333 441 3385 1⁹de
494 3329 679 3399 Edwordus
703 3332 890 3400 AEthelredi
920 3335 1006 3422 regis
1027 3335 1117 3402 filius
1146 3335 1255 3423 gretie
1277 3333 1341 3400 Dei
1363 3333 1551 3421 Anglorum

325 3449 441 3510 semble,
492 3457 552 3500 rex
583 3435 704 3503 firtmis
736 3442 812 3524 post
842 3459 896 3503 me
933 3438 1066 3526 regibus
1098 3444 1132 3504 et
1163 3438 1311 3504 omniurn
1343 3436 1551 3524 dignitatum

325 3517 477 3635 ξῗξῖξῑρι·
492 3538 648 3626 gradibus
687 3538 898 3630 omniumque
936 3546 1075 3608 aetetum
1113 3540 1301 3608 hominibus
1338 3541 1475 3607 sulutem
1510 3547 1551 3607 et

493 3637 593 3706 huius
614 3643 664 3708 rei
685 3639 850 3709 notitiam.
897 3641 986 3712 Scire
1015 3667 1076 3711 vos
1101 3645 1185 3727 volo,
1212 3639 1370 3733 quonium
1399 3649 1552 3732 tempore

326 3753 424 3834 spem·
495 3765 632 3810 ovorum
662 3765 808 3812 meorum
839 3749 1007 3835 patrisque
1030 3747 1095 3814 mei
1117 3749 1224 3814 multo
1254 3754 1288 3814 et
1310 3747 1425 3836 gravio
1446 3747 1552 3813 bollo-

325 3823 403 3939 ἓξζο
415 3839 433 3873 ¹·
494 3851 575 3914 rnm'
599 3849 743 3936 periculo
780 3849 974 3917 uffiixenmt
1003 3857 1137 3939 gentem
1167 3850 1351 3940 Anglorum
1386 3857 1420 3916 et
1449 3851 1550 3938 ipsos,

492 3957 563 4018 tem
586 3975 607 4016 e
628 3946 695 4019 suis
718 3969 817 4039 quem
839 3953 882 4018 ab
904 3956 1069 4022 extraneis
1090 3955 1277 4036 conciteto;
1300 3953 1383 4020 adso
1405 3959 1444 4021 ut
1463 3973 1552 4040 pene

492 4052 676 4142 periclitato
698 4056 743 4122 sit
765 4053 964 4123 hereditoria
985 4079 1102 4146 regum
1132 4057 1299 4135 successio,
1323 4073 1550 4144 magnumque

491 4149 724 4226 insterstitium
748 4159 837 4226 inter
855 4160 991 4227 fratrem
1014 4179 1124 4228 meum
1140 4161 1354 4227 Edmundum
1377 4156 1435 4248 qui
1457 4161 1551 4248 petri

491 4277 564 4328 meo
586 4265 718 4328 mortuo
740 4263 895 4330 successit
917 4286 1033 4351 meque
1056 4262 1208 4329 habitum
1231 4263 1288 4344 sit,
1310 4255 1550 4330 invadentibus

491 4385 630 4452 regnum
653 4365 774 4432 Swono
796 4371 832 4432 et
855 4367 1009 4434 Onutone
1030 4365 1100 4434 filio
1123 4369 1193 4434 eius
1214 4366 1349 4455 regibus
1372 4366 1548 4433 Denornm

492 4469 526 4534 et
548 4469 625 4535 filiis
656 4469 759 4556 ipsius
790 4470 954 4538 Onutonis
987 4471 1134 4537 Horoldo
1165 4477 1200 4538 et
1230 4469 1453 4536 Hordeonuto.
1510 4465 1548 4536 Α

1013 4663 1183 4670 -—--—-—

559 4778 697 4850 'mydbd
716 4783 823 4851 anglico,
834 4779 891 4836 MS.
1038 4781 1240 4918 rgigpiitsffim
1273 4781 1369 4851 literar]
1407 4783 1549 4850 apostolice

574 4901 578 4909 .
1047 4883 1056 4915 1
1109 4901 1116 4928 ,
1178 4903 1185 4919 .
