3567 5800
550 867 613 929 196
808 878 875 927 mc.
899 878 945 927 na
967 878 1101 927 emano.
1126 878 1216 930 sruc.
1239 878 1325 929 msc.

567 1256 734 1315 Iucmrmsr
755 1254 922 1317 Osmruas
942 1255 1036 1315 Lram
1057 1255 1183 1329 Qunam
1205 1256 1343 1316 Sracuur
1365 1254 1558 1313 Hrsroruaars

850 1366 894 1409 ua
915 1349 1032 1411 Gasrrs
1052 1350 1172 1409 Itccrm
1192 1349 1337 1409 Ausum.

547 1540 635 1617 Quod
664 1543 802 1603 naturale
835 1542 928 1603 luerit
961 1544 1132 1603 beatissimo
1159 1543 1224 1621 regi
1258 1542 1412 1603 Edwardo
1439 1550 1471 1601 et
1494 1556 1575 1616 regua

585 1635 679 1695 luisse
699 1646 731 1696 ct
749 1642 896 1698 sanctum.
943 1636 1017 1715 Cap.
1034 1638 1052 1695 i.

549 1726 666 1803 Quibus
689 1728 999 1789 sanctuslldwardus
1021 1726 1198 1806 parentibus
1218 1728 1258 1787 sit
1278 1734 1464 1805 procreatus.
1518 1723 1576 1799 Cup.

586 1840 618 1881 n.
1312 1866 1315 1871 .

548 1913 596 1972 De
622 1914 790 1973 iuramento
817 1916 897 1991 quod
924 1914 1051 1975 necdum
1078 1913 1228 1973 Eduardo
1255 1920 1327 1973 ueto
1343 1930 1494 1989 *proceras
1517 1909 1578 1966 leca-

587 2014 669 2066 rant.
715 2004 788 2086 Cap.
802 2006 847 2066 iii.

548 2096 637 2170 Quod
656 2104 759 2157 sancto
780 2106 813 2157 et
830 2097 970 2175 religiose
990 2098 1105 2159 vixerit
1125 2098 1156 2158 in
1176 2098 1373 2159 Normanuia.
1421 2096 1493 2175 Cap.
1505 2096 1539 2153 ir.

548 2188 597 2249 Du
610 2189 726 2249 visione
747 2190 930 2251 Brithwaldi
949 2192 1082 2269 episcopi
1099 2211 1166 2269 quas
1183 2193 1212 2251 ei
1232 2198 1353 2251 ostensa
1374 2199 1423 2250 cst
1443 2188 1577 2249 defuturo

590 2300 684 2359 reguo
703 2282 857 2343 Edwardi.
905 2283 980 2362 Cap.
994 2303 1024 2343 r.

550 2372 598 2432 De
619 2384 690 2433 roto
710 2376 791 2452 qaod
812 2377 899 2436 vovit
918 2375 1023 2436 beatus
1045 2376 1221 2437 Edwardus.
1268 2374 1342 2455 Cap.
1357 2378 1401 2435 vi.

549 2466 596 2525 De
638 2468 830 2527 coronatione
872 2468 996 2547 gloriosi
1040 2468 1184 2528 Edwardi
1226 2468 1307 2547 regis
1345 2476 1378 2527 et
1413 2462 1576 2527 confessoris

594 2558 668 2640 Cap.
683 2560 735 2619 vii.

549 2652 597 2711 Dc
620 2661 737 2712 statura
759 2653 809 2712 vel
834 2652 932 2711 forma
954 2653 1050 2712 sancti
1072 2654 1153 2730 regis
1173 2652 1317 2713 Edwardi
1340 2659 1372 2711 et
1395 2651 1511 2731 optimis
1527 2646 1578 2705 elus
1696 2712 1697 2723 ἶ

590 2747 730 2806 moribus.
775 2746 850 2826 Cap.
865 2748 928 2805 viii.

552 2835 705 2913 Quomodo
736 2838 843 2899 beatus
871 2838 1039 2899 Edwardus
1060 2840 1139 2898 vidit
1165 2838 1314 2898 diabolum
1343 2859 1436 2917 super
1462 2850 1577 2897 acervum

510 2954 514 2958 ’
589 2933 724 3010 pecunia
744 2952 834 3010 quem
854 2941 1011 2994 exactores
1032 2935 1096 2992 cius
1121 2934 1304 3012 collegerant
1324 2935 1486 2993 sedentem.
1520 2927 1577 3004 cap.
1695 2981 1696 2986 ,

475 3141 482 3152 “
549 3045 762 3270 Ddxlurecgui
786 3137 857 3198 rege
877 3125 1033 3197 spectante
1053 3105 1213 3196 pecuniam
1232 3119 1269 3178 de
1289 3118 1380 3178 theca
1401 3119 1465 3177 cius
1484 3115 1579 3174 lurotu

590 3218 645 3270 est.
716 3231 766 3290 up.
787 3229 822 3270 x.

552 3301 706 3376 Quomodo
733 3304 838 3364 beatus
864 3322 921 3364 rex
948 3303 1119 3364 Edwardus
1146 3304 1240 3363 filiam
1268 3269 1412 3363 Godwini
1439 3297 1579 3361 Eddithsm
1694 3281 1695 3294 ἦ

590 3396 709 3455 nomine
737 3396 826 3454 duxit
857 3396 889 3455 in
923 3415 1057 3468 uxorem,
1091 3405 1124 3456 et
1152 3397 1189 3457 dc
1222 3397 1382 3474 utriusque
1418 3392 1580 3472 virginitate.

529 3507 535 3518 ·
597 3485 671 3566 cap.
692 3487 736 3548 xi.

552 3579 706 3653 Quomodo
732 3579 765 3638 in
792 3599 916 3642 excessu
945 3581 1054 3640 mentis
1080 3599 1181 3659 regem
1209 3581 1311 3640 Daciae
1339 3579 1421 3640 vidit
1446 3571 1581 3640 essetab·

590 3690 730 3731 mersum.
777 3671 852 3753 Cap.
872 3673 927 3733 xii.
1157 3669 1162 3676 ’

552 3761 678 3838 Qualem
701 3765 809 3826 habuit
835 3785 905 3826 cum
931 3765 1106 3844 proceribus
1131 3767 1168 3825 de
1194 3766 1256 3826 voti
1282 3767 1329 3826 sui
1352 3765 1500 3826 solutione
1519 3770 1581 3819 trac·
1692 3759 1693 3764 ’

590 3864 696 3920 tatum.
742 3857 817 3938 Cap.
839 3859 905 3918 xiii.

551 3949 722 4058 Quomodo⁶
746 3951 871 4011 nuntios
913 3969 981 4012 suos
1024 3952 1062 4010 ad
1103 3951 1203 4012 sedem
1245 3950 1439 4028 apostolicam
1478 3941 1581 4006 dirsxit

551 4042 847 4214 Rcddlrldtddlbcati
876 4135 987 4196 Leoms
1007 4155 1093 4214 papas
1114 4135 1153 4195 ad
1175 4153 1276 4214 regem
1299 4133 1483 4195 Edwardura
1503 4131 1582 4190 ‹lirec-

592 4236 666 4289 tum.
712 4228 786 4309 Cap.
805 4248 859 4289 xv.

550 4319 597 4381 De
624 4321 809 4383 revelatione
835 4329 867 4381 et
892 4320 991 4381 literis
1018 4319 1125 4380 inclusi
1160 4319 1314 4380 cuiusdam
1341 4319 1380 4379 ad
1410 4337 1509 4397 regern
1532 4311 1581 4372 Ed·

590 4415 725 4474 wordum
745 4414 879 4474 directis.
925 4413 1000 4493 Cap.
1020 4412 1084 4472 xvi.

550 4505 597 4566 De
616 4507 732 4565 nuntiis
752 4524 826 4584 quos
846 4506 958 4566 iterato
976 4525 1032 4565 rex
1053 4505 1136 4564 misit
1156 4505 1291 4565 Romam.
1337 4503 1410 4582 Cup.
1434 4501 1505 4563 xvii.

551 4595 689 4674 Epistola
717 4599 798 4677 regis
824 4598 863 4658 ad
886 4597 1038 4659 dominum
1066 4616 1175 4676 papam
1202 4597 1392 4670 Nicholaum,
1415 4605 1447 4656 et
1473 4590 1582 4668 rescrip·
1688 4673 1689 4686 χ

590 4696 655 4749 tum
675 4709 759 4768 papa
779 4690 818 4750 ad
837 4710 948 4769 regom.
993 4691 1073 4769 Cap.
1091 4690 1179 4749 xviii.

551 4781 598 4840 Dc
620 4783 751 4842 tumultu
773 4801 880 4860 magno
902 4784 934 4843 in
955 4802 1048 4860 regno
1069 4791 1185 4844 exorto.
1232 4781 1307 4860 Cup.
1328 4783 1392 4840 xix.
