3567 5800
449 871 498 920 ne
518 870 634 920 crsrrs
655 871 777 921 nescu
798 869 999 920 enon-111.
1023 855 1077 920 30.
1202 854 1263 918 161

226 1055 311 1141 regis
333 1054 501 1121 Edmundi
529 1054 671 1142 gratiam
705 1076 863 1136 reversus,
887 1057 967 1121 dum
990 1076 1050 1121 rex
1073 1052 1266 1119 Edmundus

225 1158 380 1243 reliquias
401 1158 570 1223 Danorum
591 1159 813 1245 pmedantinm
832 1158 1095 1225 Westsexoniam
1117 1155 1266 1244 persequi

226 1265 405 1339 conaretur,
421 1264 532 1325 astuta
548 1259 728 1326 calliditate
750 1262 912 1348 persuasit
932 1260 1003 1347 regi
1023 1258 1210 1335 Edmundo,
1226 1262 1266 1322 ut

226 1361 313 1447 ipsos
349 1360 464 1427 Dauos
508 1362 648 1427 ulterius
691 1362 841 1449 persequi
878 1362 1061 1441 desisteret,
1100 1360 1266 1427 affirmans

226 1464 333 1529 hostes
354 1464 436 1528 nihil
457 1469 571 1530 contra
589 1466 697 1551 ipsum
717 1464 903 1551 Anglorum
922 1486 1032 1551 regem
1055 1464 1266 1529 Edmundum

225 1566 363 1631 ulterius
384 1587 525 1631 ausuros
571 1566 635 1631 Pro
657 1566 769 1631 dolori
795 1571 981 1653 praeventus
1001 1588 1061 1631 rex
1084 1566 1265 1653 Anglorum

226 1668 420 1735 Edmundus
452 1690 584 1734 nrsurro
623 1669 772 1755 praedieti
805 1668 937 1735 Eadrici
970 1669 1154 1755 proditoris,
1182 1666 1266 1733 sffir-

224 1772 347 1836 mantis
376 1772 493 1847 hostes,
525 1775 565 1836 ut
595 1771 747 1848 diximus,
778 1771 863 1836 nihil
896 1772 986 1837 ultro
1016 1776 1129 1836 contra
1159 1771 1267 1857 ipsum

225 1895 319 1939 susos
355 1880 563 1960 attemptare,
595 1880 762 1940 metunrm
798 1874 861 1939 sibi
895 1874 1035 1939 exitium
1068 1878 1101 1938 et
1135 1872 1266 1959 Angliae

224 1978 290 2041 toti
311 1977 449 2064 paravit.
505 1976 653 2043 Ultimus
687 1978 775 2042 enim
807 1977 877 2042 dies
912 1976 968 2042 ille
994 1977 1100 2042 Danis
1122 1976 1266 2063 profecto

224 2078 346 2157 fuisset,
384 2080 414 2145 si
449 2101 509 2144 rex
547 2079 740 2145 Edmundus
783 2078 841 2144 illo
879 2078 932 2143 die
969 2079 1006 2142 in
1043 2080 1267 2165 persecutione

225 2182 368 2246 hostium
390 2186 636 2268 perseverasset.
682 2181 835 2267 Namque
856 2182 934 2246 data
953 2180 1101 2246 hostibus
1120 2180 1266 2267 fugiendi

225 2282 326 2369 eopia,
364 2284 487 2349 iterum
519 2284 556 2348 in
586 2304 690 2349 unum
721 2284 920 2360 coaluenmt,
944 2284 1118 2349 orientales
1141 2282 1267 2369 Anglos

225 2385 309 2450 bello
330 2384 531 2452 infestantes
585 2386 715 2450 Atrax
738 2386 868 2473 Angliae
892 2386 1097 2465 Edmundns,
1121 2384 1267 2449 exercitu

222 2488 356 2553 collecto
377 2489 466 2574 apud
481 2485 719 2568 Essesennam,l
738 2488 888 2553 hostibus
908 2488 1065 2553 audacter
1088 2508 1265 2563 occurrens,
1278 2500 1406 2620 qqqqqoq

1240 2593 1264 2666 b,
1366 2588 1388 2621 W
1408 2608 1414 2620 .

224 2590 409 2676 triplicibus
445 2591 573 2656 insidiis
610 2590 695 2655 acies
730 2589 900 2670 instruxit,
939 2595 1065 2655 turmas
1103 2588 1238 2655 circuivi

225 2697 336 2757 monet
357 2698 397 2758 ut
419 2714 576 2758 memores
607 2690 755 2779 pristinse
789 2691 925 2756 virtutis
959 2696 993 2756 et
1024 2691 1173 2756 victoriae
1195 2712 1264 2755 sese

224 2816 424 2881 regnumque
460 2816 556 2859 suum
589 2793 631 2858 ab
664 2794 805 2859 aventis
835 2794 1048 2858 barbarorum
1081 2793 1265 2858 defendant.

225 2896 312 2962 Nam
344 2919 418 2962 cum
448 2896 513 2962 illis
543 2895 660 2962 leviter
693 2901 857 2962 certamen
888 2894 1030 2960 affirmat
1056 2894 1141 2960 inire
1166 2917 1267 2982 posse,

223 3021 304 3085 quos
341 3003 439 3063 antea
474 3020 559 3085 saepe
588 2998 748 3064 vicerunt
808 2996 919 3063 Onuto
964 2997 1091 3062 interes
1123 3018 1197 3062 suos
1230 2998 1268 3061 in

226 3123 355 3188 aequam
386 3101 552 3187 quandam
583 3101 754 3187 planitiem
786 3101 885 3179 ducit,
914 3106 949 3166 et
981 3121 1041 3165 rex
1072 3100 1267 3164 Edmundus

226 3205 319 3291 signo
362 3204 431 3268 suis
474 3204 553 3268 dato
598 3203 708 3269 subito
760 3202 871 3269 hostes
919 3204 1052 3268 invasit.
1122 3201 1266 3266 Summis

225 3306 379 3392 utrinque
423 3305 549 3370 viribus
592 3304 787 3386 dimicatur3
844 3309 1002 3370 corruunt
1047 3326 1089 3370 ex
1125 3309 1266 3388 utreque

226 3413 320 3494 parte
340 3408 458 3486 multi3
493 3408 549 3472 sed
582 3406 683 3494 Angli
716 3413 827 3472 tamen
862 3407 980 3472 Martis
1011 3407 1081 3472 alea
1111 3407 1267 3493 preevale-
1279 3423 1432 3476 Henflunt.

225 3511 315 3576 bant.
359 3509 525 3596 Apparuit
546 3515 658 3574 autem
679 3509 729 3574 ibi
753 3510 861 3573 virtus
888 3509 1057 3574 Edmundi
1086 3509 1180 3595 regis,
1209 3509 1265 3593 qni
1279 3491 1432 3608 ffiffll

226 3634 300 3678 cum
324 3611 435 3676 Dauos
460 3612 556 3676 solito
580 3613 685 3677 acrius
709 3634 855 3698 pugnare
875 3612 1013 3688 videret,
1039 3611 1151 3677 relicto
1177 3613 1267 3698 regio
1279 3626 1325 3676 001.
1338 3595 1407 3675 sos’

225 3715 297 3780 loeo
326 3713 384 3799 qui
414 3735 457 3779 ex
485 3735 574 3780 more
603 3721 674 3779 erat
707 3715 795 3778 inter
834 3715 1005 3780 draconem
1036 3719 1071 3780 ct
1099 3715 1264 3792 standard,

226 3816 369 3882 eumnrit
390 3815 427 3879 in
442 3815 545 3880 aciem
564 3814 722 3902 primam3
744 3815 892 3901 gladium
913 3816 1106 3881 terribiliter
1121 3816 1266 3895 vibrans,

225 3920 269 3982 ad
290 3917 425 3982 modum
444 3917 592 3982 fulminis
611 3917 714 3982 aciem
736 3917 822 3995 fidit,
841 3918 1103 4004 abrumpensque
1127 3918 1267 3983 mediam

225 4019 426 4108 pertransiit,
456 4025 555 4105 atque
593 4019 804 4104 sequentibus
833 4042 868 4085 se
898 4019 1129 4085 conterendam
1168 4020 1266 4085 dedit.

226 4123 311 4189 Inde
339 4121 376 4185 in
401 4119 503 4186 aciem
534 4121 697 4186 Cnutonis
726 4121 892 4201 advolans,
921 4122 1093 4186 clamorem
1125 4123 1264 4187 acierum

226 4225 387 4292 excitavit
414 4224 619 4290 horrendum.
678 4224 736 4289 Fit
758 4224 813 4289 ibi
843 4224 931 4289 inter
959 4229 1067 4310 partes
1097 4223 1267 4289 conflictus

226 4328 444 4415 gravissimus
505 4325 570 4391 Sed
610 4347 683 4391 cum
717 4326 774 4390 ille
813 4325 973 4390 nefandus
1013 4325 1160 4411 proditor
1198 4326 1266 4391 dux
1279 4329 1432 4410 mosomi

227 4429 385 4495 Eadricus
428 4428 514 4494 acies
558 4429 728 4494 Danorum
777 4428 907 4493 videret
958 4427 1144 4507 inclinatas,
1193 4451 1267 4494 eum
1278 4397 1375 4448 ΜΝ·

226 4553 330 4600 cuneo
359 4530 413 4597 cui
442 4535 582 4617 praeerat
611 4530 655 4595 ad
685 4529 871 4598 Onutonem
913 4529 1070 4616 confugit,
1100 4534 1140 4594 nt
1176 4530 1268 4618 prius

426 4865 434 4896 ¹
446 4863 624 4932 mm]
637 4864 825 4928 mamm,
837 4864 909 4919 wn.
918 4867 1014 4932 mim,
1025 4876 1071 4921 eo.

274 4960 348 5014 von
367 4962 408 5014 rr.
1162 4971 1183 5018 n
