3567 5800
499 833 546 880 nn
568 833 683 884 nisus
706 833 829 886 moun
850 835 1044 888 suaa-lv.
1060 827 1115 904 88,
1131 830 1182 892 39.
1309 833 1373 896 295

324 1021 458 1107 negotia
494 1021 631 1088 vivebat
669 1023 847 1110 angelnm;
883 1028 1079 1115 pauperibus
1123 1030 1373 1119 hospitibusque

325 1123 552 1189 transmarinis
586 1128 621 1189 et
652 1126 810 1214 religiosis
841 1127 1003 1216 benignus
1039 1132 1241 1218 appellando,
1264 1136 1373 1202 muni·

321 1227 401 1292 ficus
430 1227 545 1306 dando,
578 1229 681 1294 etad
715 1230 847 1296 illorum
876 1234 1087 1300 sanctitatem
1109 1237 1283 1303 monachos
1304 1261 1373 1306 suus

325 1329 442 1416 patriae
479 1329 660 1398 invitanda.
722 1332 805 1398 Erat
830 1357 972 1422 namque
997 1359 1058 1402 rex
1081 1339 1145 1404 istc
1167 1340 1284 1406 beatus
1306 1343 1371 1409 dis-

323 1437 420 1498 cretae
465 1434 678 1520 proceritatis,
716 1435 820 1502 barba
857 1443 891 1503 et
928 1439 1052 1526 capillis
1096 1463 1252 1529 cygneus,
1289 1444 1371 1512 facie

317 1557 434 1612 roseus,
474 1541 546 1602 toto
578 1559 709 1624 corpore
754 1539 888 1622 lacteus,
921 1544 1143 1614 membrorum
1174 1547 1371 1615 habitudine

317 1640 485 1706 commoda
507 1641 708 1728 peridoneus.

710 1929 790 1996 Gir.
815 1930 975 2002 XXXIX

457 2109 507 2176 Dc
530 2113 697 2174 contracto
720 2108 767 2174 cd
789 2107 864 2176 eicco
886 2109 1066 2179 tumebam
1088 2119 1218 2178 comto.
1410 2180 1489 2226 W
1510 2205 1529 2228 -·‚

357 2276 473 2341 Rursus
502 2275 655 2340 humanis
690 2280 863 2362 exemptus
898 2299 997 2364 quam
1035 2281 1154 2365 potens
1190 2278 1291 2346 fuerit
1329 2283 1365 2348 in
1378 2237 1489 2348 iii.l³⁷'

311 2379 434 2444 divinis
472 2379 590 2444 beatus
627 2401 687 2444 rex
725 2378 919 2457 Edwardust,
957 2381 1120 2446 mundum
1157 2381 1261 2448 latere
1297 2405 1365 2450 non

309 2483 441 2567 potuit3
479 2503 553 2546 cum
590 2503 650 2548 nee
686 2482 828 2570 virginei
866 2485 1009 2570 corporis
1039 2485 1146 2550 virtus
1183 2486 1238 2550 vel
1276 2490 1366 2552 terra

309 2583 402 2648 obrui
428 2585 483 2650 vel
514 2584 622 2672 lapide
648 2585 755 2650 claudi
777 2585 832 2650 vel
863 2609 938 2651 cum
959 2587 1031 2673 ipso
1054 2608 1188 2674 corpore
1212 2591 1366 2675 ,potuerit

311 2686 450 2774 sepeliri.
509 2687 569 2752 Vis
593 2685 680 2752 enim
703 2709 778 2773 quae
800 2687 929 2754 latebat
950 2689 988 2753 in
1009 2689 1174 2770 membris,
1200 2692 1310 2778 erupit
1330 2693 1367 2758 in

309 2790 497 2872 miraculis;
537 2813 619 2878 quse,
651 2791 731 2854 dum
768 2792 862 2857 caecis
895 2793 1015 2870 visum,
1047 2793 1171 2858 claudis
1208 2815 1366 2881 gressum,

307 2892 448 2959 infirmis
485 2894 663 2961 sanitatem
701 2893 859 2977 restitnit,
898 2895 1076 2984 pretiosam
1114 2896 1152 2961 in
1189 2905 1364 2983 conspectu

308 2997 445 3065 Domini
489 3004 630 3064 mortem
668 2998 827 3064 Edwardi
865 3000 962 3065 certis
999 2999 1130 3064 indiciis
1168 3000 1359 3070 declaravit.

309 3099 404 3166 Inter
432 3123 590 3190 pauperes
620 3123 702 3188 quos
731 3101 769 3166 in
800 3101 874 3166 vita
905 3124 966 3167 sua
997 3124 1057 3167 rex
1085 3102 1204 3168 beatus
1230 3103 1358 3169 aluerat
1371 3115 1480 3169 carens

306 3202 371 3269 fuit
405 3205 540 3291 quidam
572 3204 788 3270 Normannici
821 3203 951 3291 generis
985 3203 1181 3293 Rodulphus
1212 3205 1355 3286 nomine,
1367 3182 1520 3302 ssgffl’l

306 3306 363 3391 qui
399 3308 512 3373 nervis
548 3306 584 3371 in
621 3306 745 3393 poplite
783 3307 966 3383 contractis,
1000 3305 1139 3391 pedibus
1177 3306 1277 3372 etiam
1311 3309 1504 3382 aderipplaat

305 3409 441 3475 celanda
473 3411 616 3489 retortis,
646 3432 714 3475 non
750 3410 857 3475 solum
893 3410 1040 3483 natanali
1075 3409 1273 3495 privabatur
1302 3411 1353 3475 in·
1365 3382 1428 3500 {dg
1429 3387 1495 3436 ard’s

305 3534 403 3589 cessu,
438 3512 495 3578 sed
532 3518 566 3577 ct
600 3512 737 3599 genibus
771 3533 891 3599 repere,
923 3522 963 3579 ut
996 3511 1156 3578 eiusmodi
1190 3512 1355 3581 debilibus

304 3616 404 3681 moris
426 3620 485 3695 est,
501 3614 612 3680 dolore
635 3614 816 3680 obsistente
839 3637 905 3679 non
926 3616 1040 3680 valuit.
1087 3613 1222 3681 Novum
1245 3618 1356 3683 solacii

304 3740 407 3804 genus
431 3718 606 3801 adinvenit
629 3718 788 3804 magistra
811 3717 994 3783 necessitas.
1053 3718 1121 3783 Vas
1143 3724 1299 3785 cavatum
1321 3721 1354 3784 in

305 3820 445 3885 formam
474 3820 579 3907 pelvis
613 3820 769 3906 adquirit,
801 3822 854 3885 cui
883 3826 979 3886 nates
1008 3842 1083 3885 cum
1116 3821 1356 3887 cohaerentibus

304 3923 458 3989 membris
496 3923 632 3989 iniciens
670 3928 704 3988 et
741 3922 806 3987 sibi
844 3925 949 3988 artius
987 3923 1153 4009 colligans,
1192 3926 1357 3990 anteriora

304 4027 455 4091 manibus
478 4026 696 4104 sustentabat,
714 4026 897 4113 posteriora
920 4026 1014 4111 quasi
1037 4047 1095 4110 per
1115 4030 1238 4090 terram
1260 4028 1356 4091 navi-

302 4130 410 4216 gando
440 4130 601 4195 trahebat.
671 4128 760 4215 Rege
790 4128 895 4216 igitur
924 4128 967 4192 ad
997 4127 1165 4212 superiora
1194 4129 1356 4195 translato

302 4255 377 4299 cum
399 4232 558 4301 alimenta
580 4232 677 4299 solita
699 4232 818 4299 misero
842 4230 1043 4308 defecissent,
1064 4230 1233 4295 molestius
1255 4233 1356 4318 coepit

302 4337 407 4403 etiam
446 4336 653 4402 debilitatem
691 4336 852 4401 sustinere
897 4333 1127 4398 membrorum
1197 4332 1355 4399 Recolens

302 4446 413 4505 autem
444 4440 510 4504 viri
542 4440 613 4520 Dei,
637 4440 695 4525 qui
722 4460 798 4504 eum
819 4437 938 4502 vivens
969 4436 1107 4515 aluerat,
1140 4434 1232 4500 cuius
1262 4459 1352 4503 sanc-

299 4540 401 4611 titss¹
427 4542 640 4629 depositionis
664 4562 731 4607 suae
745 4541 843 4613 ,diem
865 4541 910 4605 ad
932 4539 1037 4604 sancti
1058 4539 1145 4625 regis
1168 4540 1353 4625 sepulcrum

330 4794 337 4823 ¹
355 4792 487 4858 sanctitas]
530 4789 590 4841 Add
610 4790 675 4839 from
692 4787 792 4837 Ailred:
854 4786 904 4837 fide
920 4786 1009 4851 plenus
1026 4800 1078 4834 sure
1094 4783 1206 4836 insidens
1221 4787 1352 4849 navicula,

298 4872 453 4923 ammiranda
469 4886 517 4923 nec
528 4870 611 4936 ipsum
622 4870 698 4919 latere
709 4866 796 4933 poturit,
853 4865 922 4917 infra
933 4873 1050 4917 octavum
1060 4880 1111 4916 suu
1123 4866 1293 4931 depositionis,
1305 4874 1352 4919 etc.
