3567 5800
521 853 587 918 316
778 865 843 914 mc.
867 865 916 914 na
937 865 1076 916 omme
1100 864 1193 914 senc.
1216 864 1307 914 urs-r.

521 1053 564 1118 sis
598 1051 761 1139 particeps
783 1073 923 1117 summre
948 1051 1039 1116 illius
1071 1051 1255 1138 potestatis,
1287 1051 1318 1116 si
1339 1052 1512 1117 voluntas
1545 1052 1599 1116 as-

519 1154 629 1236 suerit,
663 1176 732 1220 nou
769 1153 875 1220 deerit
905 1153 1055 1220 facultas
1115 1153 1178 1218 Dic
1216 1152 1357 1239 proinde
1393 1155 1520 1232 verbo,
1558 1160 1597 1219 et

519 1257 691 1324 sanabitur
711 1257 833 1323 ancilla
854 1255 945 1324 tua-'²
989 1257 1072 1323 Haec
1093 1261 1129 1321 et
1150 1255 1344 1322 huiusmodi
1366 1279 1450 1323 cum
1466 1280 1597 1344 magns

518 1359 624 1426 cordis
669 1359 825 1448 augustis
862 1359 1085 1436 declamasset,
1122 1359 1167 1424 sd
1203 1358 1326 1424 lectum
1365 1359 1503 1425 doloris
1540 1361 1592 1424 sui

518 1463 639 1528 timeus
670 1467 705 1528 et
737 1468 882 1528 tremens
915 1461 1104 1528 revertitur.
1164 1461 1249 1526 Erat
1284 1461 1378 1528 enim
1410 1463 1493 1528 dies
1526 1486 1592 1548 qua

518 1563 743 1631 tremebundus
765 1565 855 1630 illius
877 1564 1070 1631 accessionis
1100 1563 1341 1651 expectabatur
1363 1564 1460 1630 hors.
1523 1564 1590 1630 Sed

517 1669 584 1745 illa,
607 1672 647 1734 ut
667 1669 719 1734 ita
740 1667 857 1749 dicam,
888 1668 980 1733 lento
1011 1666 1095 1754 pede
1125 1666 1345 1753 progrediens,
1383 1689 1513 1753 parum
1534 1669 1589 1732 vel

518 1772 604 1836 nihil
635 1770 796 1837 molestioe
827 1770 945 1836 intulit
981 1769 1134 1855 patienti
1191 1767 1429 1857 Animaequior
1461 1771 1588 1837 exhinc

518 1874 606 1940 faeta
628 1878 679 1939 est
700 1872 819 1938 mulier
830 1897 839 1952 3
876 1871 921 1938 ad
942 1871 1126 1958 rogandum
1147 1892 1257 1958 regem
1287 1871 1530 1939 beatifflimum
1550 1897 1584 1938 se

518 1981 624 2042 totam
655 1976 827 2042 convertit.
882 1975 929 2039 Et
962 1981 1038 2062 post
1072 1974 1226 2039 biduenae
1258 1972 1385 2060 quietis
1419 1976 1581 2042 solacium

518 2083 689 2166 quartenae
733 2077 895 2164 passionis
930 2077 1113 2143 timebatur
1147 2098 1315 2142 acoessus:
1363 2079 1581 2146 incumbente

517 2188 628 2247 autem
663 2179 745 2246 hore
778 2179 920 2245 terribili
951 2181 1133 2245 oratorium
1164 2201 1277 2244 rursus
1306 2180 1513 2267 ingreditur,
1546 2192 1578 2248 et

516 2283 692 2370 pnemissis
722 2282 857 2368 psalmis
879 2281 1029 2347 lacrimas
1052 2282 1153 2346 iteret
1174 2285 1209 2347 et
1230 2282 1439 2368 multiplicat
1461 2305 1577 2370 preca

517 2386 607 2466 Quid
638 2385 755 2472 plura?
811 2385 857 2450 Et
887 2384 984 2450 illum
1006 2385 1096 2450 diem
1128 2384 1286 2472 transigit
1307 2386 1384 2452 sine
1417 2387 1575 2452 molestia

517 2491 603 2554 Uum
625 2493 737 2552 autem
760 2489 861 2554 tertio
884 2487 1094 2553 tribulationi
1116 2487 1320 2573 eodemque
1350 2487 1448 2575 prius
1470 2513 1576 2555 oewr·

516 2591 613 2656 risset
643 2589 806 2670 antidoto,
841 2591 994 2678 perfectis
1025 2589 1157 2655 reddita
1187 2590 1329 2655 sanitati
1363 2601 1483 2658 saneto
1507 2594 1573 2680 regi

516 2692 683 2760 Edwardo
706 2694 816 2779 quoad
839 2693 929 2758 vixit
951 2693 1135 2780 gratiarum
1156 2693 1275 2758 retulit
1296 2693 1457 2761 actiones

926 3102 1006 3168 Ore.
1034 3100 1156 3167 XLIX

345 3321 450 3438 ‘iffi
665 3306 716 3373 Dc
737 3302 901 3372 morto
925 3326 948 3370 a
969 3301 1081 3371 tritos
1102 3300 1266 3371 colotis
1287 3311 1423 3371 sonum.

345 3404 392 3440 00.
435 3418 458 3435 ·.

560 3510 593 3573 N
597 3526 636 3575 rc
659 3508 792 3574 silentio
814 3509 993 3595 tegendum
1023 3506 1166 3572 arbitror
1194 3505 1370 3592 quantum¹
1403 3509 1465 3571 uni
1487 3510 1572 3573 seni·

515 3632 609 3676 orum
645 3610 930 3677 westmonasterii
960 3610 1034 3675 viro
1070 3608 1224 3696 religioso
1260 3615 1294 3673 et
1332 3608 1478 3675 honesto
1515 3634 1571 3696 per

514 3714 633 3779 merita
658 3714 749 3779 beuti
779 3714 865 3800 regis
896 3712 1056 3778 Edwardi
1086 3711 1193 3799 pietas
1219 3710 1348 3776 Divina
1378 3713 1571 3779 contulerit„

514 3815 600 3881 Miro
622 3817 755 3903 quidem
777 3815 831 3881 vir
856 3817 921 3880 iste
951 3815 1035 3881 circu
1064 3818 1216 3879 sanctum
1246 3812 1456 3879 Edwardum
1477 3820 1569 3881 tene-

343 3938 409 3989 Cure
420 3936 478 3987 ors
513 3921 615 3986 betur
636 3919 763 3997 affectu,
788 3924 823 3985 et
844 3917 989 3984 nominis
1011 3916 1099 3981 illius
1122 3916 1305 3983 recordatio
1327 3938 1429 4004 super
1451 3918 1519 3984 mel
1538 3920 1571 3984 ei

342 4004 463 4121 iffi&
515 4022 620 4087 dulcis
642 4027 713 4086 erat
743 4026 778 4087 et
809 4020 967 4087 memoria
1000 4019 1187 4085 sanctitatis
1218 4018 1289 4084 eius
1322 4040 1423 4105 super
1447 4020 1570 4087 molet

342 4138 474 4215 minster..
514 4126 637 4191 favum.
685 4124 785 4189 Unde
808 4144 883 4188 eum
905 4123 1088 4210 gratiam
1104 4121 1234 4187 actione
1249 4120 1398 4208 quinque
1412 4143 1476 4208 pro
1499 4124 1570 4188 eius

342 4204 494 4319 ffiffln
514 4228 625 4294 animo
650 4227 792 4314 psalmos
822 4226 942 4292 cotidie
971 4223 1180 4291 decantabat.
1235 4223 1369 4290 Accidit
1391 4231 1507 4289 autern
1529 4231 1568 4290 ut

341 4336 457 4453 immi
515 4330 637 4417 triplici
663 4330 860 4417 fatigaretur
886 4328 1060 4407 molestia3
1086 4348 1147 4392 nee
1169 4326 1264 4413 [ulia]
1291 4348 1391 4412 quam
1423 4328 1567 4393 coelestis

515 4437 700 4519 speraretur
726 4431 897 4497 medicina
952 4430 1032 4495 Post
1061 4429 1283 4494 minutionem
1305 4450 1453 4515 namque
1482 4431 1565 4496 cirus

522 4634 638 4643 -----
658 4638 693 4643 ....
711 4638 717 4643 .
741 4638 758 4643 ...
782 4636 819 4642 ...-
854 4635 971 4642 --——-
