<?xml version="1.0" encoding="UTF-8"?>
<!DOCTYPE html PUBLIC "-//W3C//DTD XHTML 1.0 Transitional//EN"
    "http://www.w3.org/TR/xhtml1/DTD/xhtml1-transitional.dtd">
<html xmlns="http://www.w3.org/1999/xhtml" xml:lang="en" lang="en">
 <head>
  <title>
</title>
<meta http-equiv="Content-Type" content="text/html;charset=utf-8" />
  <meta name='ocr-system' content='tesseract 3.04.00' />
  <meta name='ocr-capabilities' content='ocr_page ocr_carea ocr_par ocr_line ocrx_word'/>
</head>
<body>
  <div class='ocr_page' id='page_1' title='image "./speculumhistori00mayogoog_0247.png"; bbox 0 0 3567 5800; ppageno 0'>
   <div class='ocr_carea' id='block_1_1' title="bbox 530 854 1308 925">
    <p class='ocr_par' dir='ltr' id='par_1_1' title="bbox 530 854 1308 925">
     <span class='ocr_line' id='line_1_1' title="bbox 530 854 1308 925; baseline 0.008 -6"><span class='ocrx_word' id='word_1_1' title='bbox 530 854 576 920; x_wconf 76' lang='lat' dir='ltr'><strong>tt</strong></span> <span class='ocrx_word' id='word_1_2' title='bbox 797 870 864 923; x_wconf 84' lang='lat' dir='ltr'><strong>are</strong></span> <span class='ocrx_word' id='word_1_3' title='bbox 887 872 935 923; x_wconf 86' lang='lat' dir='ltr'><strong>nn</strong></span> <span class='ocrx_word' id='word_1_4' title='bbox 956 872 1087 925; x_wconf 77' lang='lat' dir='ltr'><strong>manue</strong></span> <span class='ocrx_word' id='word_1_5' title='bbox 1110 874 1199 925; x_wconf 77' lang='lat' dir='ltr'><strong>erue.</strong></span> <span class='ocrx_word' id='word_1_6' title='bbox 1221 874 1308 925; x_wconf 85' lang='lat' dir='ltr'><strong>mer.</strong></span> 
     </span>
    </p>
   </div>
   <div class='ocr_carea' id='block_1_2' title="bbox 527 1054 1572 2769">
    <p class='ocr_par' dir='ltr' id='par_1_2' title="bbox 527 1054 1572 2769">
     <span class='ocr_line' id='line_1_2' title="bbox 528 1054 1572 1148; baseline 0.007 -27"><span class='ocrx_word' id='word_1_7' title='bbox 528 1054 620 1143; x_wconf 80' lang='lat' dir='ltr'><strong>rugia</strong></span> <span class='ocrx_word' id='word_1_8' title='bbox 640 1054 756 1145; x_wconf 88' lang='lat' dir='ltr'><strong>ipsum,</strong></span> <span class='ocrx_word' id='word_1_9' title='bbox 779 1062 819 1127; x_wconf 90' lang='lat' dir='ltr'><strong>ut</strong></span> <span class='ocrx_word' id='word_1_10' title='bbox 841 1061 1036 1148; x_wconf 79' lang='lat' dir='ltr'><strong>praedictum</strong></span> <span class='ocrx_word' id='word_1_11' title='bbox 1057 1060 1129 1145; x_wconf 85' lang='lat' dir='ltr'><strong>est,¹</strong></span> <span class='ocrx_word' id='word_1_12' title='bbox 1153 1067 1433 1133; x_wconf 79' lang='lat' dir='ltr'><strong>ooneeomverunt.</strong></span> <span class='ocrx_word' id='word_1_13' title='bbox 1487 1062 1572 1131; x_wconf 81' lang='lat' dir='ltr'><strong>Con·</strong></span> 
     </span>
     <span class='ocr_line' id='line_1_3' title="bbox 529 1164 1571 1245; baseline 0.006 -20"><span class='ocrx_word' id='word_1_14' title='bbox 529 1164 672 1227; x_wconf 78' lang='lat' dir='ltr'><strong>secretus</strong></span> <span class='ocrx_word' id='word_1_15' title='bbox 701 1166 815 1229; x_wconf 86' lang='lat' dir='ltr'><strong>autem</strong></span> <span class='ocrx_word' id='word_1_16' title='bbox 834 1164 1062 1231; x_wconf 83' lang='lat' dir='ltr'><strong>AEthelstanus</strong></span> <span class='ocrx_word' id='word_1_17' title='bbox 1090 1164 1226 1233; x_wconf 85' lang='lat' dir='ltr'><strong>fratrem</strong></span> <span class='ocrx_word' id='word_1_18' title='bbox 1258 1189 1356 1234; x_wconf 86' lang='lat' dir='ltr'><strong>suum</strong></span> <span class='ocrx_word' id='word_1_19' title='bbox 1388 1166 1571 1245; x_wconf 78' lang='lat' dir='ltr'><strong>Eduinum,</strong></span> 
     </span>
     <span class='ocr_line' id='line_1_4' title="bbox 530 1261 1572 1357; baseline 0.016 -31"><span class='ocrx_word' id='word_1_20' title='bbox 530 1282 628 1347; x_wconf 88' lang='lat' dir='ltr'><strong>quem</strong></span> <span class='ocrx_word' id='word_1_21' title='bbox 658 1261 699 1329; x_wconf 89' lang='lat' dir='ltr'><strong>de</strong></span> <span class='ocrx_word' id='word_1_22' title='bbox 731 1264 881 1353; x_wconf 83' lang='lat' dir='ltr'><strong>legitimo</strong></span> <span class='ocrx_word' id='word_1_23' title='bbox 914 1267 1153 1355; x_wconf 89' lang='lat' dir='ltr'><strong>[matrimonio]</strong></span> <span class='ocrx_word' id='word_1_24' title='bbox 1193 1271 1348 1357; x_wconf 80' lang='lat' dir='ltr'><strong>eognovit</strong></span> <span class='ocrx_word' id='word_1_25' title='bbox 1376 1272 1572 1357; x_wconf 73' lang='lat' dir='ltr'><strong>generatum·</strong></span> 
     </span>
     <span class='ocr_line' id='line_1_5' title="bbox 528 1364 1568 1461; baseline 0.005 -31"><span class='ocrx_word' id='word_1_26' title='bbox 528 1364 706 1453; x_wconf 78' lang='lat' dir='ltr'><strong>nigerrimo</strong></span> <span class='ocrx_word' id='word_1_27' title='bbox 742 1370 939 1456; x_wconf 75' lang='lat' dir='ltr'><strong>perstrinxit</strong></span> <span class='ocrx_word' id='word_1_28' title='bbox 975 1371 1059 1449; x_wconf 85' lang='lat' dir='ltr'><strong>odio,</strong></span> <span class='ocrx_word' id='word_1_29' title='bbox 1097 1375 1249 1439; x_wconf 90' lang='lat' dir='ltr'><strong>metuens</strong></span> <span class='ocrx_word' id='word_1_30' title='bbox 1285 1394 1328 1440; x_wconf 94' lang='lat' dir='ltr'><strong>ne</strong></span> <span class='ocrx_word' id='word_1_31' title='bbox 1372 1394 1432 1461; x_wconf 90' lang='lat' dir='ltr'><strong>per</strong></span> <span class='ocrx_word' id='word_1_32' title='bbox 1467 1374 1568 1460; x_wconf 88' lang='lat' dir='ltr'><strong>ipsum</strong></span> 
     </span>
     <span class='ocr_line' id='line_1_6' title="bbox 529 1468 1570 1563; baseline 0.007 -31"><span class='ocrx_word' id='word_1_33' title='bbox 529 1468 724 1556; x_wconf 75' lang='lat' dir='ltr'><strong>quandoque</strong></span> <span class='ocrx_word' id='word_1_34' title='bbox 746 1493 768 1535; x_wconf 87' lang='lat' dir='ltr'><strong>a</strong></span> <span class='ocrx_word' id='word_1_35' title='bbox 788 1473 882 1559; x_wconf 77' lang='lat' dir='ltr'><strong>regni</strong></span> <span class='ocrx_word' id='word_1_36' title='bbox 911 1472 993 1539; x_wconf 86' lang='lat' dir='ltr'><strong>solio</strong></span> <span class='ocrx_word' id='word_1_37' title='bbox 1014 1474 1208 1561; x_wconf 78' lang='lat' dir='ltr'><strong>privaretur.</strong></span> <span class='ocrx_word' id='word_1_38' title='bbox 1262 1475 1338 1542; x_wconf 85' lang='lat' dir='ltr'><strong>Hae</strong></span> <span class='ocrx_word' id='word_1_39' title='bbox 1358 1476 1465 1563; x_wconf 82' lang='lat' dir='ltr'><strong>igitur</strong></span> <span class='ocrx_word' id='word_1_40' title='bbox 1486 1496 1570 1539; x_wconf 83' lang='lat' dir='ltr'><strong>oeoa·</strong></span> 
     </span>
     <span class='ocr_line' id='line_1_7' title="bbox 529 1572 1569 1644; baseline 0.004 -7"><span class='ocrx_word' id='word_1_41' title='bbox 529 1572 619 1638; x_wconf 91' lang='lat' dir='ltr'><strong>sione</strong></span> <span class='ocrx_word' id='word_1_42' title='bbox 649 1572 768 1639; x_wconf 86' lang='lat' dir='ltr'><strong>duetus</strong></span> <span class='ocrx_word' id='word_1_43' title='bbox 788 1596 850 1640; x_wconf 84' lang='lat' dir='ltr'><strong>rex</strong></span> <span class='ocrx_word' id='word_1_44' title='bbox 877 1574 1015 1643; x_wconf 85' lang='lat' dir='ltr'><strong>fratrem</strong></span> <span class='ocrx_word' id='word_1_45' title='bbox 1037 1598 1133 1643; x_wconf 85' lang='lat' dir='ltr'><strong>suurn</strong></span> <span class='ocrx_word' id='word_1_46' title='bbox 1156 1576 1336 1643; x_wconf 81' lang='lat' dir='ltr'><strong>Edwinum</strong></span> <span class='ocrx_word' id='word_1_47' title='bbox 1365 1577 1472 1644; x_wconf 88' lang='lat' dir='ltr'><strong>solum</strong></span> <span class='ocrx_word' id='word_1_48' title='bbox 1500 1597 1569 1641; x_wconf 91' lang='lat' dir='ltr'><strong>eum</strong></span> 
     </span>
     <span class='ocr_line' id='line_1_8' title="bbox 529 1675 1570 1763; baseline 0.001 -20"><span class='ocrx_word' id='word_1_49' title='bbox 529 1675 691 1763; x_wconf 83' lang='lat' dir='ltr'><strong>armigero</strong></span> <span class='ocrx_word' id='word_1_50' title='bbox 725 1675 764 1741; x_wconf 90' lang='lat' dir='ltr'><strong>in</strong></span> <span class='ocrx_word' id='word_1_51' title='bbox 798 1676 955 1743; x_wconf 80' lang='lat' dir='ltr'><strong>navicula</strong></span> <span class='ocrx_word' id='word_1_52' title='bbox 990 1683 1158 1745; x_wconf 85' lang='lat' dir='ltr'><strong>vetustate</strong></span> <span class='ocrx_word' id='word_1_53' title='bbox 1197 1680 1366 1747; x_wconf 75' lang='lat' dir='ltr'><strong>confracta</strong></span> <span class='ocrx_word' id='word_1_54' title='bbox 1401 1680 1440 1745; x_wconf 89' lang='lat' dir='ltr'><strong>in</strong></span> <span class='ocrx_word' id='word_1_55' title='bbox 1476 1678 1570 1744; x_wconf 81' lang='lat' dir='ltr'><strong>maris</strong></span> 
     </span>
     <span class='ocr_line' id='line_1_9' title="bbox 528 1776 1570 1868; baseline 0.004 -26"><span class='ocrx_word' id='word_1_56' title='bbox 528 1776 637 1843; x_wconf 88' lang='lat' dir='ltr'><strong>medio</strong></span> <span class='ocrx_word' id='word_1_57' title='bbox 665 1776 736 1843; x_wconf 84' lang='lat' dir='ltr'><strong>aine</strong></span> <span class='ocrx_word' id='word_1_58' title='bbox 765 1778 889 1867; x_wconf 78' lang='lat' dir='ltr'><strong>remige</strong></span> <span class='ocrx_word' id='word_1_59' title='bbox 919 1785 953 1846; x_wconf 90' lang='lat' dir='ltr'><strong>et</strong></span> <span class='ocrx_word' id='word_1_60' title='bbox 982 1780 1120 1868; x_wconf 85' lang='lat' dir='ltr'><strong>remigio</strong></span> <span class='ocrx_word' id='word_1_61' title='bbox 1152 1780 1322 1848; x_wconf 85' lang='lat' dir='ltr'><strong>dimissum</strong></span> <span class='ocrx_word' id='word_1_62' title='bbox 1344 1780 1570 1848; x_wconf 77' lang='lat' dir='ltr'><strong>miserabiliter</strong></span> 
     </span>
     <span class='ocr_line' id='line_1_10' title="bbox 528 1879 1569 1967; baseline 0.003 -22"><span class='ocrx_word' id='word_1_63' title='bbox 528 1879 686 1967; x_wconf 80' lang='lat' dir='ltr'><strong>Neptuno</strong></span> <span class='ocrx_word' id='word_1_64' title='bbox 717 1881 888 1949; x_wconf 76' lang='lat' dir='ltr'><strong>commisit</strong></span> <span class='ocrx_word' id='word_1_65' title='bbox 936 1881 1006 1949; x_wconf 92' lang='lat' dir='ltr'><strong>Ubi</strong></span> <span class='ocrx_word' id='word_1_66' title='bbox 1037 1882 1222 1950; x_wconf 73' lang='lat' dir='ltr'><strong>adolescens</strong></span> <span class='ocrx_word' id='word_1_67' title='bbox 1250 1882 1315 1961; x_wconf 87' lang='lat' dir='ltr'><strong>ille,</strong></span> <span class='ocrx_word' id='word_1_68' title='bbox 1337 1884 1427 1951; x_wconf 85' lang='lat' dir='ltr'><strong>inter</strong></span> <span class='ocrx_word' id='word_1_69' title='bbox 1455 1884 1569 1950; x_wconf 82' lang='lat' dir='ltr'><strong>fluetus</strong></span> 
     </span>
     <span class='ocr_line' id='line_1_11' title="bbox 528 1981 1569 2081; baseline 0.004 -34"><span class='ocrx_word' id='word_1_70' title='bbox 528 1982 628 2081; x_wconf 68' lang='lat' dir='ltr'><strong>maris</strong></span> <span class='ocrx_word' id='word_1_71' title='bbox 653 1981 755 2049; x_wconf 74' lang='lat' dir='ltr'><strong>vitee⁹</strong></span> <span class='ocrx_word' id='word_1_72' title='bbox 776 1990 944 2071; x_wconf 74' lang='lat' dir='ltr'><strong>pertesus,</strong></span> <span class='ocrx_word' id='word_1_73' title='bbox 967 1984 1156 2053; x_wconf 82' lang='lat' dir='ltr'><strong>voluntario</strong></span> <span class='ocrx_word' id='word_1_74' title='bbox 1178 1985 1363 2075; x_wconf 76' lang='lat' dir='ltr'><strong>praecipitio</strong></span> <span class='ocrx_word' id='word_1_75' title='bbox 1384 1986 1484 2053; x_wconf 86' lang='lat' dir='ltr'><strong>undis</strong></span> <span class='ocrx_word' id='word_1_76' title='bbox 1505 2006 1569 2051; x_wconf 86' lang='lat' dir='ltr'><strong>sese</strong></span> 
     </span>
     <span class='ocr_line' id='line_1_12' title="bbox 528 2083 1569 2176; baseline 0.002 -26"><span class='ocrx_word' id='word_1_77' title='bbox 528 2083 723 2151; x_wconf 81' lang='lat' dir='ltr'><strong>submersit:</strong></span> <span class='ocrx_word' id='word_1_78' title='bbox 753 2087 896 2175; x_wconf 81' lang='lat' dir='ltr'><strong>armiger</strong></span> <span class='ocrx_word' id='word_1_79' title='bbox 924 2110 1011 2167; x_wconf 83' lang='lat' dir='ltr'><strong>vero,</strong></span> <span class='ocrx_word' id='word_1_80' title='bbox 1026 2110 1114 2154; x_wconf 87' lang='lat' dir='ltr'><strong>nune</strong></span> <span class='ocrx_word' id='word_1_81' title='bbox 1134 2088 1280 2176; x_wconf 84' lang='lat' dir='ltr'><strong>pedibus,</strong></span> <span class='ocrx_word' id='word_1_82' title='bbox 1304 2088 1402 2155; x_wconf 90' lang='lat' dir='ltr'><strong>modo</strong></span> <span class='ocrx_word' id='word_1_83' title='bbox 1423 2088 1569 2155; x_wconf 83' lang='lat' dir='ltr'><strong>manibus</strong></span> 
     </span>
     <span class='ocr_line' id='line_1_13' title="bbox 529 2186 1568 2277; baseline 0.003 -25"><span class='ocrx_word' id='word_1_84' title='bbox 529 2186 728 2274; x_wconf 78' lang='lat' dir='ltr'><strong>remigando,</strong></span> <span class='ocrx_word' id='word_1_85' title='bbox 749 2210 866 2277; x_wconf 85' lang='lat' dir='ltr'><strong>eorpus</strong></span> <span class='ocrx_word' id='word_1_86' title='bbox 895 2190 1022 2256; x_wconf 85' lang='lat' dir='ltr'><strong>domini</strong></span> <span class='ocrx_word' id='word_1_87' title='bbox 1049 2189 1102 2257; x_wconf 86' lang='lat' dir='ltr'><strong>sui</strong></span> <span class='ocrx_word' id='word_1_88' title='bbox 1125 2212 1146 2256; x_wconf 93' lang='lat' dir='ltr'><strong>a</strong></span> <span class='ocrx_word' id='word_1_89' title='bbox 1169 2190 1374 2258; x_wconf 85' lang='lat' dir='ltr'><strong>Dorobemia</strong></span> <span class='ocrx_word' id='word_1_90' title='bbox 1406 2190 1444 2257; x_wconf 92' lang='lat' dir='ltr'><strong>in</strong></span> <span class='ocrx_word' id='word_1_91' title='bbox 1467 2190 1568 2256; x_wconf 83' lang='lat' dir='ltr'><strong>With-</strong></span> 
     </span>
     <span class='ocr_line' id='line_1_14' title="bbox 528 2290 1569 2381; baseline 0.004 -28"><span class='ocrx_word' id='word_1_92' title='bbox 528 2293 606 2353; x_wconf 85' lang='lat' dir='ltr'><strong>sant</strong></span> <span class='ocrx_word' id='word_1_93' title='bbox 625 2290 669 2356; x_wconf 89' lang='lat' dir='ltr'><strong>ad</strong></span> <span class='ocrx_word' id='word_1_94' title='bbox 690 2294 812 2356; x_wconf 84' lang='lat' dir='ltr'><strong>terram</strong></span> <span class='ocrx_word' id='word_1_95' title='bbox 834 2292 1001 2380; x_wconf 85' lang='lat' dir='ltr'><strong>perduxit,</strong></span> <span class='ocrx_word' id='word_1_96' title='bbox 1014 2297 1050 2360; x_wconf 89' lang='lat' dir='ltr'><strong>et</strong></span> <span class='ocrx_word' id='word_1_97' title='bbox 1072 2291 1250 2359; x_wconf 85' lang='lat' dir='ltr'><strong>honoritioe</strong></span> <span class='ocrx_word' id='word_1_98' title='bbox 1265 2292 1426 2381; x_wconf 83' lang='lat' dir='ltr'><strong>sepelivit</strong></span> <span class='ocrx_word' id='word_1_99' title='bbox 1451 2292 1569 2359; x_wconf 83' lang='lat' dir='ltr'><strong>AEthel-</strong></span> 
     </span>
     <span class='ocr_line' id='line_1_15' title="bbox 527 2392 1568 2481; baseline 0.003 -25"><span class='ocrx_word' id='word_1_100' title='bbox 527 2397 643 2459; x_wconf 81' lang='lat' dir='ltr'><strong>stanna</strong></span> <span class='ocrx_word' id='word_1_101' title='bbox 672 2414 741 2470; x_wconf 83' lang='lat' dir='ltr'><strong>rex,</strong></span> <span class='ocrx_word' id='word_1_102' title='bbox 772 2398 947 2481; x_wconf 81' lang='lat' dir='ltr'><strong>postquem</strong></span> <span class='ocrx_word' id='word_1_103' title='bbox 983 2395 1027 2461; x_wconf 88' lang='lat' dir='ltr'><strong>ab</strong></span> <span class='ocrx_word' id='word_1_104' title='bbox 1056 2392 1107 2459; x_wconf 88' lang='lat' dir='ltr'><strong>ira</strong></span> <span class='ocrx_word' id='word_1_105' title='bbox 1139 2394 1311 2475; x_wconf 85' lang='lat' dir='ltr'><strong>deferbuit,</strong></span> <span class='ocrx_word' id='word_1_106' title='bbox 1342 2400 1412 2461; x_wconf 83' lang='lat' dir='ltr'><strong>tam</strong></span> <span class='ocrx_word' id='word_1_107' title='bbox 1444 2416 1568 2462; x_wconf 89' lang='lat' dir='ltr'><strong>enorme</strong></span> 
     </span>
     <span class='ocr_line' id='line_1_16' title="bbox 528 2494 1567 2587; baseline 0.004 -27"><span class='ocrx_word' id='word_1_108' title='bbox 528 2494 653 2562; x_wconf 74' lang='lat' dir='ltr'><strong>foetum</strong></span> <span class='ocrx_word' id='word_1_109' title='bbox 674 2495 860 2577; x_wconf 86' lang='lat' dir='ltr'><strong>abhorrem,</strong></span> <span class='ocrx_word' id='word_1_110' title='bbox 895 2497 1047 2585; x_wconf 85' lang='lat' dir='ltr'><strong>septenni</strong></span> <span class='ocrx_word' id='word_1_111' title='bbox 1076 2499 1272 2585; x_wconf 71' lang='lat' dir='ltr'><strong>penitentia</strong></span> <span class='ocrx_word' id='word_1_112' title='bbox 1304 2504 1438 2587; x_wconf 82' lang='lat' dir='ltr'><strong>aeeepta</strong></span> <span class='ocrx_word' id='word_1_113' title='bbox 1466 2498 1567 2566; x_wconf 81' lang='lat' dir='ltr'><strong>fiatri·</strong></span> 
     </span>
     <span class='ocr_line' id='line_1_17' title="bbox 528 2598 1568 2689; baseline 0.004 -26"><span class='ocrx_word' id='word_1_114' title='bbox 528 2598 651 2665; x_wconf 89' lang='lat' dir='ltr'><strong>eidium</strong></span> <span class='ocrx_word' id='word_1_115' title='bbox 681 2598 826 2679; x_wconf 87' lang='lat' dir='ltr'><strong>deflevit,</strong></span> <span class='ocrx_word' id='word_1_116' title='bbox 860 2599 1116 2688; x_wconf 88' lang='lat' dir='ltr'><strong>pineemamque</strong></span> <span class='ocrx_word' id='word_1_117' title='bbox 1138 2622 1235 2667; x_wconf 84' lang='lat' dir='ltr'><strong>suum</strong></span> <span class='ocrx_word' id='word_1_118' title='bbox 1266 2600 1324 2689; x_wconf 89' lang='lat' dir='ltr'><strong>qui</strong></span> <span class='ocrx_word' id='word_1_119' title='bbox 1354 2600 1422 2667; x_wconf 79' lang='lat' dir='ltr'><strong>tale</strong></span> <span class='ocrx_word' id='word_1_120' title='bbox 1449 2602 1568 2669; x_wconf 84' lang='lat' dir='ltr'><strong>eleon·</strong></span> 
     </span>
     <span class='ocr_line' id='line_1_18' title="bbox 527 2699 1262 2769; baseline 0.004 -3"><span class='ocrx_word' id='word_1_121' title='bbox 527 2699 638 2767; x_wconf 88' lang='lat' dir='ltr'><strong>silium</strong></span> <span class='ocrx_word' id='word_1_122' title='bbox 655 2699 791 2769; x_wconf 84' lang='lat' dir='ltr'><strong>dederat</strong></span> <span class='ocrx_word' id='word_1_123' title='bbox 812 2702 938 2769; x_wconf 86' lang='lat' dir='ltr'><strong>erudeli</strong></span> <span class='ocrx_word' id='word_1_124' title='bbox 958 2706 1065 2769; x_wconf 91' lang='lat' dir='ltr'><strong>morte</strong></span> <span class='ocrx_word' id='word_1_125' title='bbox 1082 2703 1262 2769; x_wconf 82' lang='lat' dir='ltr'><strong>damnavit</strong></span> 
     </span>
    </p>
   </div>
   <div class='ocr_carea' id='block_1_3' title="bbox 416 3017 1546 3089">
    <p class='ocr_par' dir='ltr' id='par_1_3' title="bbox 416 3017 1546 3089">
     <span class='ocr_line' id='line_1_19' title="bbox 416 3017 1546 3089; baseline 0.003 -4"><span class='ocrx_word' id='word_1_126' title='bbox 416 3033 515 3087; x_wconf 63' lang='lat' dir='ltr'><strong>auena</strong></span> <span class='ocrx_word' id='word_1_127' title='bbox 551 3017 803 3089; x_wconf 71' lang='lat' dir='ltr'><strong>Commulmo.</strong></span> <span class='ocrx_word' id='word_1_128' title='bbox 866 3019 910 3088; x_wconf 84' lang='lat' dir='ltr'><strong>Ut</strong></span> <span class='ocrx_word' id='word_1_129' title='bbox 942 3040 1002 3088; x_wconf 78' lang='lat' dir='ltr'><strong>rae</strong></span> <span class='ocrx_word' id='word_1_130' title='bbox 1034 3018 1267 3088; x_wconf 79' lang='lat' dir='ltr'><strong>AEthelatuous</strong></span> <span class='ocrx_word' id='word_1_131' title='bbox 1299 3019 1427 3088; x_wconf 79' lang='lat' dir='ltr'><strong>multos</strong></span> <span class='ocrx_word' id='word_1_132' title='bbox 1449 3018 1546 3088; x_wconf 69' lang='lat' dir='ltr'><strong>uua</strong></span> 
     </span>
    </p>
   </div>
   <div class='ocr_carea' id='block_1_4' title="bbox 358 3102 1173 3220">
    <p class='ocr_par' dir='ltr' id='par_1_4' title="bbox 358 3102 1173 3220">
     <span class='ocr_line' id='line_1_20' title="bbox 358 3102 1173 3220; baseline 0.004 -32"><span class='ocrx_word' id='word_1_133' title='bbox 358 3102 493 3220; x_wconf 43' lang='grc' dir='ltr'><strong>ᾖξ’·</strong></span> <span class='ocrx_word' id='word_1_134' title='bbox 939 3121 1173 3212; x_wconf 66' lang='lat' dir='ltr'><strong>proabaverit.</strong></span> 
     </span>
    </p>
   </div>
   <div class='ocr_carea' id='block_1_5' title="bbox 357 3234 1710 4446">
    <p class='ocr_par' dir='ltr' id='par_1_5' title="bbox 358 3234 497 3288">
     <span class='ocr_line' id='line_1_21' title="bbox 358 3234 497 3288; baseline 0.014 -2"><span class='ocrx_word' id='word_1_135' title='bbox 358 3234 497 3288; x_wconf 58' lang='grc' dir='ltr'><strong>ΛΜΝ.</strong></span> 
     </span>
    </p>

    <p class='ocr_par' dir='ltr' id='par_1_6' title="bbox 358 3311 1567 3404">
     <span class='ocr_line' id='line_1_22' title="bbox 358 3311 1567 3404; baseline 0.002 -28"><span class='ocrx_word' id='word_1_136' title='bbox 358 3323 486 3376; x_wconf 70' lang='lat' dir='ltr'><strong>mereor</strong></span> <span class='ocrx_word' id='word_1_137' title='bbox 573 3311 864 3381; x_wconf 75' lang='lat' dir='ltr'><strong>Hierammrsrum</strong></span> <span class='ocrx_word' id='word_1_138' title='bbox 899 3315 1142 3404; x_wconf 84' lang='lat' dir='ltr'><strong>multarumque</strong></span> <span class='ocrx_word' id='word_1_139' title='bbox 1187 3313 1368 3381; x_wconf 81' lang='lat' dir='ltr'><strong>insularum</strong></span> <span class='ocrx_word' id='word_1_140' title='bbox 1409 3335 1469 3380; x_wconf 89' lang='lat' dir='ltr'><strong>rex</strong></span> <span class='ocrx_word' id='word_1_141' title='bbox 1504 3313 1567 3378; x_wconf 82' lang='lat' dir='ltr'><strong>An·</strong></span> 
     </span>
    </p>

    <p class='ocr_par' dir='ltr' id='par_1_7' title="bbox 357 3391 1566 3521">
     <span class='ocr_line' id='line_1_23' title="bbox 357 3391 1566 3521; baseline 0.005 -38"><span class='ocrx_word' id='word_1_142' title='bbox 357 3391 504 3521; x_wconf 53' lang='grc' dir='ltr'><strong>ἂᾞζξὼ</strong></span> <span class='ocrx_word' id='word_1_143' title='bbox 526 3416 613 3483; x_wconf 80' lang='lat' dir='ltr'><strong>latim</strong></span> <span class='ocrx_word' id='word_1_144' title='bbox 635 3439 789 3506; x_wconf 82' lang='lat' dir='ltr'><strong>paganus,</strong></span> <span class='ocrx_word' id='word_1_145' title='bbox 810 3439 831 3483; x_wconf 93' lang='lat' dir='ltr'><strong>a</strong></span> <span class='ocrx_word' id='word_1_146' title='bbox 857 3415 1074 3484; x_wconf 78' lang='lat' dir='ltr'><strong>Constantino</strong></span> <span class='ocrx_word' id='word_1_147' title='bbox 1095 3417 1282 3484; x_wconf 80' lang='lat' dir='ltr'><strong>Scottorum</strong></span> <span class='ocrx_word' id='word_1_148' title='bbox 1304 3439 1380 3504; x_wconf 79' lang='lat' dir='ltr'><strong>rege</strong></span> <span class='ocrx_word' id='word_1_149' title='bbox 1403 3416 1566 3490; x_wconf 72' lang='lat' dir='ltr'><strong>invitatus,</strong></span> 
     </span>
    </p>

    <p class='ocr_par' dir='ltr' id='par_1_8' title="bbox 357 3519 1710 4446">
     <span class='ocr_line' id='line_1_24' title="bbox 357 3519 1710 3606; baseline -0.005 -17"><span class='ocrx_word' id='word_1_150' title='bbox 357 3523 449 3589; x_wconf 69' lang='lat' dir='ltr'><strong>earn).</strong></span> <span class='ocrx_word' id='word_1_151' title='bbox 527 3519 648 3584; x_wconf 82' lang='lat' dir='ltr'><strong>ostium</strong></span> <span class='ocrx_word' id='word_1_152' title='bbox 675 3519 839 3586; x_wconf 76' lang='lat' dir='ltr'><strong>Humbree</strong></span> <span class='ocrx_word' id='word_1_153' title='bbox 862 3519 1010 3586; x_wconf 86' lang='lat' dir='ltr'><strong>fluminis</strong></span> <span class='ocrx_word' id='word_1_154' title='bbox 1028 3520 1140 3587; x_wconf 83' lang='lat' dir='ltr'><strong>valida</strong></span> <span class='ocrx_word' id='word_1_155' title='bbox 1159 3543 1234 3586; x_wconf 91' lang='lat' dir='ltr'><strong>eum</strong></span> <span class='ocrx_word' id='word_1_156' title='bbox 1256 3521 1356 3586; x_wconf 82' lang='lat' dir='ltr'><strong>elusae</strong></span> <span class='ocrx_word' id='word_1_157' title='bbox 1378 3519 1565 3606; x_wconf 84' lang='lat' dir='ltr'><strong>ingreditur.</strong></span> <span class='ocrx_word' id='word_1_158' title='bbox 1709 3577 1710 3600; x_wconf 20' lang='grc' dir='ltr'>ἶ</span> 
     </span>
     <span class='ocr_line' id='line_1_25' title="bbox 526 3605 1710 3709; baseline -0.002 -21"><span class='ocrx_word' id='word_1_159' title='bbox 526 3620 591 3688; x_wconf 82' lang='lat' dir='ltr'><strong>Oui</strong></span> <span class='ocrx_word' id='word_1_160' title='bbox 609 3641 669 3686; x_wconf 85' lang='lat' dir='ltr'><strong>rex</strong></span> <span class='ocrx_word' id='word_1_161' title='bbox 687 3621 872 3709; x_wconf 82' lang='lat' dir='ltr'><strong>Anglorum</strong></span> <span class='ocrx_word' id='word_1_162' title='bbox 891 3622 1118 3689; x_wconf 83' lang='lat' dir='ltr'><strong>AEtheletanus</strong></span> <span class='ocrx_word' id='word_1_163' title='bbox 1140 3629 1174 3690; x_wconf 91' lang='lat' dir='ltr'><strong>et</strong></span> <span class='ocrx_word' id='word_1_164' title='bbox 1192 3623 1295 3689; x_wconf 85' lang='lat' dir='ltr'><strong>freter</strong></span> <span class='ocrx_word' id='word_1_165' title='bbox 1314 3623 1384 3688; x_wconf 87' lang='lat' dir='ltr'><strong>eiua</strong></span> <span class='ocrx_word' id='word_1_166' title='bbox 1407 3621 1566 3687; x_wconf 81' lang='lat' dir='ltr'><strong>Eadmun-</strong></span> <span class='ocrx_word' id='word_1_167' title='bbox 1640 3657 1644 3670; x_wconf 90' lang='lat'><strong>·</strong></span> <span class='ocrx_word' id='word_1_168' title='bbox 1709 3605 1710 3626; x_wconf 49' lang='lat'>¹</span> 
     </span>
     <span class='ocr_line' id='line_1_26' title="bbox 524 3721 1564 3812; baseline -0.003 -22"><span class='ocrx_word' id='word_1_169' title='bbox 524 3724 585 3790; x_wconf 88' lang='lat' dir='ltr'><strong>dus</strong></span> <span class='ocrx_word' id='word_1_170' title='bbox 614 3745 689 3790; x_wconf 85' lang='lat' dir='ltr'><strong>oum</strong></span> <span class='ocrx_word' id='word_1_171' title='bbox 718 3725 865 3792; x_wconf 82' lang='lat' dir='ltr'><strong>exercitu</strong></span> <span class='ocrx_word' id='word_1_172' title='bbox 890 3731 1102 3802; x_wconf 78' lang='lat' dir='ltr'><strong>occurrentes,</strong></span> <span class='ocrx_word' id='word_1_173' title='bbox 1134 3725 1171 3790; x_wconf 90' lang='lat' dir='ltr'><strong>in</strong></span> <span class='ocrx_word' id='word_1_174' title='bbox 1196 3724 1267 3793; x_wconf 86' lang='lat' dir='ltr'><strong>loeo</strong></span> <span class='ocrx_word' id='word_1_175' title='bbox 1293 3725 1351 3812; x_wconf 90' lang='lat' dir='ltr'><strong>qui</strong></span> <span class='ocrx_word' id='word_1_176' title='bbox 1385 3721 1564 3790; x_wconf 89' lang='lat' dir='ltr'><strong>Brunkerih</strong></span> 
     </span>
     <span class='ocr_line' id='line_1_27' title="bbox 522 3825 1564 3915; baseline -0.002 -24"><span class='ocrx_word' id='word_1_177' title='bbox 522 3830 738 3914; x_wconf 72' lang='lat' dir='ltr'><strong>nuncupatim,</strong></span> <span class='ocrx_word' id='word_1_178' title='bbox 760 3850 782 3892; x_wconf 93' lang='lat' dir='ltr'><strong>a</strong></span> <span class='ocrx_word' id='word_1_179' title='bbox 802 3827 869 3894; x_wconf 89' lang='lat' dir='ltr'><strong>diei</strong></span> <span class='ocrx_word' id='word_1_180' title='bbox 889 3827 1050 3915; x_wconf 82' lang='lat' dir='ltr'><strong>principio</strong></span> <span class='ocrx_word' id='word_1_181' title='bbox 1072 3848 1175 3914; x_wconf 87' lang='lat' dir='ltr'><strong>usque</strong></span> <span class='ocrx_word' id='word_1_182' title='bbox 1197 3825 1233 3891; x_wconf 91' lang='lat' dir='ltr'><strong>in</strong></span> <span class='ocrx_word' id='word_1_183' title='bbox 1255 3847 1425 3914; x_wconf 86' lang='lat' dir='ltr'><strong>vesperam</strong></span> <span class='ocrx_word' id='word_1_184' title='bbox 1454 3825 1564 3914; x_wconf 74' lang='lat' dir='ltr'><strong>proelio</strong></span> 
     </span>
     <span class='ocr_line' id='line_1_28' title="bbox 522 3929 1566 4017; baseline -0.001 -23"><span class='ocrx_word' id='word_1_185' title='bbox 522 3934 695 4016; x_wconf 79' lang='lat' dir='ltr'><strong>protracto,</strong></span> <span class='ocrx_word' id='word_1_186' title='bbox 722 3931 866 4017; x_wconf 89' lang='lat' dir='ltr'><strong>quinque</strong></span> <span class='ocrx_word' id='word_1_187' title='bbox 896 3931 1025 4017; x_wconf 77' lang='lat' dir='ltr'><strong>regulos</strong></span> <span class='ocrx_word' id='word_1_188' title='bbox 1054 3934 1089 3996; x_wconf 91' lang='lat' dir='ltr'><strong>et</strong></span> <span class='ocrx_word' id='word_1_189' title='bbox 1119 3935 1243 4017; x_wconf 86' lang='lat' dir='ltr'><strong>septem</strong></span> <span class='ocrx_word' id='word_1_190' title='bbox 1272 3929 1370 3995; x_wconf 83' lang='lat' dir='ltr'><strong>duoes</strong></span> <span class='ocrx_word' id='word_1_191' title='bbox 1391 3951 1435 3995; x_wconf 83' lang='lat' dir='ltr'><strong>ex</strong></span> <span class='ocrx_word' id='word_1_192' title='bbox 1457 3929 1566 3994; x_wconf 88' lang='lat' dir='ltr'><strong>adver·</strong></span> 
     </span>
     <span class='ocr_line' id='line_1_29' title="bbox 522 4029 1568 4120; baseline -0.005 -22"><span class='ocrx_word' id='word_1_193' title='bbox 522 4033 616 4098; x_wconf 82' lang='lat' dir='ltr'><strong>sariis</strong></span> <span class='ocrx_word' id='word_1_194' title='bbox 645 4039 861 4120; x_wconf 83' lang='lat' dir='ltr'><strong>peremerunt,</strong></span> <span class='ocrx_word' id='word_1_195' title='bbox 887 4038 1087 4120; x_wconf 88' lang='lat' dir='ltr'><strong>tantumque</strong></span> <span class='ocrx_word' id='word_1_196' title='bbox 1108 4033 1300 4120; x_wconf 80' lang='lat' dir='ltr'><strong>sanguinem</strong></span> <span class='ocrx_word' id='word_1_197' title='bbox 1326 4032 1449 4098; x_wconf 87' lang='lat' dir='ltr'><strong>ibidem</strong></span> <span class='ocrx_word' id='word_1_198' title='bbox 1478 4029 1568 4094; x_wconf 87' lang='lat' dir='ltr'><strong>fude-</strong></span> 
     </span>
     <span class='ocr_line' id='line_1_30' title="bbox 523 4133 1567 4222; baseline -0.002 -22"><span class='ocrx_word' id='word_1_199' title='bbox 523 4140 610 4212; x_wconf 73' lang='lat' dir='ltr'><strong>runt</strong></span> <span class='ocrx_word' id='word_1_200' title='bbox 634 4139 794 4222; x_wconf 88' lang='lat' dir='ltr'><strong>quantum</strong></span> <span class='ocrx_word' id='word_1_201' title='bbox 815 4134 853 4200; x_wconf 90' lang='lat' dir='ltr'><strong>in</strong></span> <span class='ocrx_word' id='word_1_202' title='bbox 875 4133 995 4222; x_wconf 89' lang='lat' dir='ltr'><strong>[nullo]</strong></span> <span class='ocrx_word' id='word_1_203' title='bbox 1010 4133 1142 4222; x_wconf 82' lang='lat' dir='ltr'><strong>Angliae</strong></span> <span class='ocrx_word' id='word_1_204' title='bbox 1162 4133 1279 4222; x_wconf 73' lang='lat' dir='ltr'><strong>proelio</strong></span> <span class='ocrx_word' id='word_1_205' title='bbox 1303 4133 1414 4199; x_wconf 83' lang='lat' dir='ltr'><strong>tirsum</strong></span> <span class='ocrx_word' id='word_1_206' title='bbox 1437 4137 1567 4198; x_wconf 77' lang='lat' dir='ltr'><strong>eatenus</strong></span> 
     </span>
     <span class='ocr_line' id='line_1_31' title="bbox 523 4233 1566 4324; baseline -0.004 -21"><span class='ocrx_word' id='word_1_207' title='bbox 523 4239 722 4319; x_wconf 84' lang='lat' dir='ltr'><strong>audienmt;</strong></span> <span class='ocrx_word' id='word_1_208' title='bbox 755 4259 848 4324; x_wconf 88' lang='lat' dir='ltr'><strong>reges</strong></span> <span class='ocrx_word' id='word_1_209' title='bbox 874 4259 954 4304; x_wconf 86' lang='lat' dir='ltr'><strong>vero</strong></span> <span class='ocrx_word' id='word_1_210' title='bbox 983 4235 1162 4303; x_wconf 82' lang='lat' dir='ltr'><strong>Analafirm</strong></span> <span class='ocrx_word' id='word_1_211' title='bbox 1188 4241 1223 4303; x_wconf 91' lang='lat' dir='ltr'><strong>et</strong></span> <span class='ocrx_word' id='word_1_212' title='bbox 1249 4235 1501 4302; x_wconf 79' lang='lat' dir='ltr'><strong>Constantinum</strong></span> <span class='ocrx_word' id='word_1_213' title='bbox 1521 4233 1566 4298; x_wconf 74' lang='lat' dir='ltr'><strong>ed</strong></span> 
     </span>
     <span class='ocr_line' id='line_1_32' title="bbox 523 4335 1709 4446; baseline -0.002 -42"><span class='ocrx_word' id='word_1_214' title='bbox 523 4361 625 4406; x_wconf 85' lang='lat' dir='ltr'><strong>naves</strong></span> <span class='ocrx_word' id='word_1_215' title='bbox 655 4339 767 4427; x_wconf 83' lang='lat' dir='ltr'><strong>fugere</strong></span> <span class='ocrx_word' id='word_1_216' title='bbox 798 4339 1035 4427; x_wconf 73' lang='lat' dir='ltr'><strong>eumpellenteS,</strong></span> <span class='ocrx_word' id='word_1_217' title='bbox 1059 4361 1134 4406; x_wconf 87' lang='lat' dir='ltr'><strong>enm</strong></span> <span class='ocrx_word' id='word_1_218' title='bbox 1167 4337 1307 4426; x_wconf 85' lang='lat' dir='ltr'><strong>glorioso</strong></span> <span class='ocrx_word' id='word_1_219' title='bbox 1338 4338 1502 4426; x_wconf 84' lang='lat' dir='ltr'><strong>triumpho</strong></span> <span class='ocrx_word' id='word_1_220' title='bbox 1522 4335 1564 4402; x_wconf 79' lang='lat' dir='ltr'><strong>ad</strong></span> <span class='ocrx_word' id='word_1_221' title='bbox 1708 4401 1709 4446; x_wconf 15' lang='lat' dir='ltr'><strong>p</strong></span> 
     </span>
    </p>
   </div>
   <div class='ocr_carea' id='block_1_6' title="bbox 523 4442 872 4530">
    <p class='ocr_par' dir='ltr' id='par_1_9' title="bbox 523 4442 872 4530">
     <span class='ocr_line' id='line_1_33' title="bbox 523 4442 872 4530; baseline -0.003 -21"><span class='ocrx_word' id='word_1_222' title='bbox 523 4442 656 4530; x_wconf 86' lang='lat' dir='ltr'><strong>propria</strong></span> <span class='ocrx_word' id='word_1_223' title='bbox 676 4447 872 4508; x_wconf 82' lang='lat' dir='ltr'><strong>remearunt</strong></span> 
     </span>
    </p>
   </div>
   <div class='ocr_carea' id='block_1_7' title="bbox 655 4755 1399 4824">
    <p class='ocr_par' dir='ltr' id='par_1_10' title="bbox 655 4755 1399 4824">
     <span class='ocr_line' id='line_1_34' title="bbox 655 4755 1399 4824; baseline -0.003 -14"><span class='ocrx_word' id='word_1_224' title='bbox 655 4757 757 4824; x_wconf 60' lang='lat' dir='ltr'><strong>&#39;supra</strong></span> <span class='ocrx_word' id='word_1_225' title='bbox 768 4760 871 4823; x_wconf 69' lang='lat' dir='ltr'><strong>eupli.</strong></span> <span class='ocrx_word' id='word_1_226' title='bbox 1157 4757 1250 4824; x_wconf 69' lang='grc' dir='ltr'><strong>ὀίω]</strong></span> <span class='ocrx_word' id='word_1_227' title='bbox 1269 4756 1330 4816; x_wconf 78' lang='lat' dir='ltr'><strong>rita,</strong></span> <span class='ocrx_word' id='word_1_228' title='bbox 1341 4755 1399 4808; x_wconf 85' lang='lat' dir='ltr'><strong>MS.</strong></span> 
     </span>
    </p>
   </div>
   <div class='ocr_carea' id='block_1_8' title="bbox 0 0 1788 5800">
    <p class='ocr_par' dir='ltr' id='par_1_11' title="bbox 0 0 1788 5800">
     <span class='ocr_line' id='line_1_35' title="bbox 0 0 1788 5800; baseline 0 2"><span class='ocrx_word' id='word_1_229' title='bbox 0 0 1788 5800; x_wconf 95' lang='lat' dir='ltr'><strong> </strong></span> 
     </span>
    </p>
   </div>
  </div>
 </body>
</html>
