3567 5800
443 914 487 965 oa
509 916 626 967 111111
648 918 768 967 nacon
791 916 991 967 anon—111.
1017 905 1069 967 28.
1216 900 1280 971 147

289 1214 537 1285 consummo.
584 1213 682 1299 Quod
704 1214 804 1280 Daci
822 1234 887 1299 per
909 1221 1014 1281 totam
1037 1213 1209 1301 Adplicat
1288 1233 1445 1287 1111111111.

619 1317 859 1410 perimuntur.
1287 1302 1419 1435 aquoqlnor.

1286 1436 1441 1495 A.D.1ooa;

263 1524 362 1589 Esar
385 1524 528 1610 quidam,
552 1524 656 1589 Huna
692 1522 833 1598 nomine,
872 1524 958 1609 regis
993 1520 1125 1609 Anglire
1157 1502 1441 1619 Ethel-ffiffissd·

214 1628 287 1691 redi
309 1626 439 1693 militiae
461 1628 620 1714 princeps,
654 1626 706 1692 vir
738 1630 892 1691 strenuus
925 1630 959 1690 et
993 1624 1175 1703 bellicosus,
1215 1624 1389 1709 quiwsem.

213 1731 279 1795 sub
302 1753 378 1817 rege
400 1732 494 1817 regni
516 1732 649 1815 negotia
672 1730 876 1816 disponenda
898 1732 1092 1815 susceperat.
1148 1726 1273 1793 Vidcns
1286 1704 1353 1753 AD.
1370 1710 1439 1753 ¹⁰¹²·

213 1832 307 1899 idem
345 1834 449 1898 Huna
484 1832 695 1898 insolentiam
732 1830 914 1909 Danorum,
954 1832 1012 1917 qui
1049 1834 1125 1917 post
1161 1851 1273 1917 paoem

213 1936 339 2001 factam
361 1960 420 2023 per
450 1942 558 2001 totam
591 1936 747 2020 Angliam
780 1936 860 1999 odeo
894 1934 1112 2021 superbiendo
1144 1932 1273 1998 invalu-

213 2046 323 2122 erunt,
340 2042 428 2127 quod
442 2062 562 2105 uxores
583 2040 731 2104 virorum
753 2037 917 2103 nobilium
940 2042 975 2101 et
997 2038 1083 2101 filias
1104 2038 1140 2101 vi
1163 2036 1270 2123 oppri-

212 2150 370 2223 mereat
400 2143 523 2229 ubique
553 2141 697 2207 ludibrio
734 2142 864 2207 tradere
901 2145 1187 2227 praesumpserunt,
1220 2162 1272 2205 ao·

210 2246 310 2310 cessit
331 2246 543 2332 perturbatus
580 2246 623 2309 ad
659 2266 781 2330 regem,
821 2248 855 2307 et
892 2244 1060 2329 querelem
1099 2264 1196 2331 super
1218 2240 1269 2307 his

211 2346 366 2435 deposuit
388 2350 578 2414 luctuosam.
638 2348 730 2411 Tunc
751 2368 811 2411 rex
834 2346 1032 2411 Ethelredus
1055 2367 1121 2410 non
1143 2346 1269 2411 medio·

209 2450 311 2515 criter
333 2456 525 2531 commotus,
547 2450 693 2514 eiusdem
727 2448 839 2513 Huneo
873 2450 1008 2513 consilio
1040 2448 1132 2514 misit
1154 2446 1407 2515 literolefflffl·e
1437 2427 1441 2441 Ι

209 2554 248 2616 in
271 2575 384 2619 omnes
404 2554 499 2639 regni
531 2552 662 2639 Angliae
683 2551 775 2630 fines,
797 2551 958 2616 mandans
989 2550 1179 2616 notionibus
1202 2516 1407 2634 sin-gaddo„

209 2656 299 2743 gulis
333 2660 368 2721 et
398 2654 571 2736 universis,
604 2660 645 2719 ut
678 2654 741 2719 sub
771 2674 840 2718 una
872 2654 934 2735 die,
967 2654 1004 2719 in
1035 2654 1119 2719 festo
1141 2654 1313 2768 scilicetfft·
1327 2651 1421 2767 3153&

208 2760 318 2824 saneti
340 2759 442 2823 Britii
475 2760 625 2845 episcopi,
661 2778 773 2822 omnes
806 2756 897 2821 Dani
929 2780 989 2845 per
1012 2758 1167 2845 Angliam
1190 2780 1264 2825 con·
1277 2718 1354 2847 padi)

208 2863 325 2929 stituti
347 2864 474 2930 furtivo
496 2862 623 2950 impetu
656 2861 756 2927 morti
789 2861 1009 2944 traderentur,
1032 2868 1072 2928 ut
1102 2863 1201 2929 simul
1230 2869 1264 2929 et

208 2965 311 3032 semel
334 2968 377 3033 ab
411 2967 619 3055 oppressione
653 2965 782 3030 Danica
814 2987 911 3030 omne
944 2987 1047 3051 genus
1069 2966 1264 3033 liberaretur

208 3070 407 3157 Anglorum.
466 3070 585 3156 Sisque
601 3069 700 3148 Dani,
722 3069 780 3153 qui
802 3067 899 3132 firmo
921 3067 1043 3133 foedere
1065 3069 1163 3155 paulo
1186 3077 1263 3135 ante

205 3173 365 3259 utrinque
387 3174 496 3238 iurato
519 3194 594 3237 cum
616 3171 736 3258 Anglis
750 3171 883 3257 pacifice
906 3170 1056 3236 habitare
1072 3173 1262 3254 debuerant,

206 3276 419 3363 obprobriose
441 3276 541 3340 nimis
563 3280 641 3340 sunt
663 3273 833 3362 perempti
880 3273 1035 3337 Mulieres
1055 3296 1130 3338 cum
1152 3275 1263 3341 liberis

204 3381 250 3444 ad
289 3380 460 3444 domorum
493 3383 604 3466 postes
634 3377 720 3442 allisi
751 3375 982 3441 miserabiliter
1019 3378 1145 3442 atrimae
1183 3379 1263 3442 effu-

206 3484 337 3546 derunt.
414 3481 499 3548 Cum
536 3481 640 3568 igitur
676 3480 777 3544 huius
813 3479 935 3544 decreti
972 3478 1138 3545 sententia
1175 3483 1262 3567 apud

202 3585 323 3650 urbem
346 3585 592 3650 Londoniarum
623 3583 746 3668 absque
777 3581 1000 3649 misericordia
1036 3590 1260 3670 exequeretur,

202 3689 365 3776 fugerunt
400 3687 497 3753 multi
538 3689 710 3752 Danomm
732 3687 777 3750 ad
813 3687 982 3772 quandam
1021 3688 1186 3754 eeclesiam
1224 3691 1261 3755 in

202 3793 343 3858 civitate
365 3793 542 3878 praedicta3
587 3790 646 3855 ubi
669 3811 782 3854 omnes
804 3788 875 3854 aine
898 3790 1023 3876 pietate
1046 3790 1126 3878 ipsis
1149 3798 1258 3858 astan-

201 3902 256 3960 tes
279 3894 441 3959 altaribus
463 3899 542 3958 sunt
575 3893 745 3980 perempti.
813 3890 879 3957 Sed
902 3894 1037 3978 quidam
1058 3895 1194 3961 iuvenes
1217 3920 1259 3964 ex

201 3998 340 4063 natione
361 3996 492 4063 Danica
515 3998 558 4062 ad
590 4018 709 4061 navem
732 3994 899 4081 quandam
921 3995 1094 4084 fugientes,
1118 3997 1257 4066 Daciam

199 4101 383 4189 petiemmt,
416 4106 452 4166 et
488 4101 559 4187 regi
596 4099 717 4165 Swano
755 4103 893 4164 cruenta
924 4119 992 4165 suae
1022 4103 1133 4186 gentis
1170 4123 1257 4168 nun-

197 4205 326 4269 tientes
347 4204 457 4283 exitia,
474 4203 583 4289 ipsum
597 4202 641 4266 ed
655 4201 805 4266 lacrimas
820 4207 1077 4267 commoverunt.
1123 4203 1256 4270 Vocatis

200 4307 317 4392 itaque
353 4305 480 4371 cunctis
516 4305 611 4391 regni
649 4303 860 4391 principibus,
899 4325 1028 4369 omnem
1065 4307 1113 4372 rei
1154 4313 1256 4394 gestae

198 4409 319 4473 seriem
348 4408 414 4472 illis
446 4429 622 4495 exponens,
657 4407 738 4493 quid
771 4405 935 4494 agendum
966 4408 1171 4476 consulerent
1204 4414 1256 4478 in-

197 4511 313 4598 quirit.
382 4509 449 4590 Qui
483 4531 597 4575 omnes
628 4511 722 4596 quasi
751 4531 819 4575 uno
849 4531 905 4575 ore
926 4511 1174 4594 conclamantes,
1199 4515 1255 4581 de-

198 4620 378 4680 creverunt
422 4615 681 4701 propinquorum
719 4635 854 4678 sucrum
891 4620 926 4679 et
963 4615 1141 4682 amicorum
1178 4639 1252 4683 san-

195 4718 334 4803 gninem
356 4719 425 4783 fore
446 4717 675 4782 ulciscendum.
742 4718 850 4782 Aunit
878 4723 1039 4804 praeterea
1060 4720 1159 4788 huius
1181 4745 1253 4809 per·

195 4818 377 4888 secationis
420 4819 545 4887 rabiem
600 4843 688 4888 mors
733 4819 921 4902 Gunhildis,
975 4821 1094 4886 sororis
1139 4825 1251 4892 Swani

1047 4929 1117 4990 nu
