3567 5800
439 878 486 925 ns
507 876 622 926 crsms
644 874 766 926 neuun
787 873 986 926 manu-111.
1011 862 1062 925 21.
1224 859 1288 930 107

235 1061 351 1147 spatio,
368 1062 454 1126 sicut
476 1062 650 1148 designant
671 1081 782 1128 nuces
803 1060 858 1128 vel
879 1062 1004 1128 fossata
1025 1060 1081 1126 vel
1102 1029 1169 1124 alia
1188 1058 1290 1146 signa,

235 1163 283 1229 illi
305 1164 450 1231 ecclesiae
483 1166 640 1243 serviunt,
673 1165 742 1231 sint
773 1164 872 1230 liberi
906 1169 941 1230 et
971 1163 1114 1230 absoluti
1136 1163 1178 1228 ab
1202 1161 1292 1228 omni

235 1267 347 1333 debito
369 1272 405 1333 et
423 1268 607 1335 redditione
629 1269 832 1334 circadarum
852 1273 887 1333 et
909 1268 1118 1353 synodorum.
1169 1265 1292 1330 Tamen

235 1370 387 1436 volumus
424 1375 459 1436 et
494 1393 554 1460 pro
591 1394 701 1438 amore
732 1371 787 1438 vel
828 1370 1016 1437 reverentia
1057 1367 1163 1435 sancti
1201 1367 1292 1434 Petri

236 1475 449 1551 concedimus,
480 1479 521 1540 ut
552 1496 595 1542 ex
625 1482 739 1543 nostro
770 1474 825 1540 vel
856 1493 1076 1540 successorum
1106 1476 1293 1537 nostrorum

236 1577 426 1663 episcopatu
462 1577 533 1644 sine
570 1580 677 1666 pretio
725 1578 866 1644 chrisma
904 1582 938 1643 et
975 1577 1084 1642 oleum
1121 1573 1291 1660 accipiant.

238 1679 455 1746 concedimus
477 1683 578 1747 dmm
599 1682 650 1746 illi
672 1680 742 1748 loco
775 1681 999 1747 coemeterium
1033 1679 1183 1756 liberum,
1207 1676 1366 1748 sicutrree
1381 1697 1460 1764 sepu-

236 1788 271 1847 et
291 1803 313 1846 a
333 1783 467 1869 regibus
488 1783 531 1848 ab
553 1784 701 1869 antiquis
730 1784 934 1871 temporibus
961 1803 1146 1848 conoessum
1174 1780 1289 1858 fuerat,
1302 1774 1364 1818 ΜΕ·

236 1885 286 1948 ita
306 1889 348 1949 ut
369 1886 555 1972 quicunque
585 1887 626 1952 de
658 1908 852 1974 quocunque
883 1887 954 1953 loco
985 1887 1039 1952 vel
1072 1885 1292 1970 cuiuscunque

237 1988 438 2054 condicionis
470 1989 604 2075 petierit
626 2012 661 2055 se
682 1991 732 2055 ibi
754 1988 894 2076 sepeliri,
917 2009 985 2056 non
1017 1989 1217 2075 impediatur
1238 1988 1293 2052 vel

236 2090 451 2177 prohibeatur
481 2091 536 2156 vel
573 2093 616 2156 ab
653 2093 810 2180 episcopo
847 2092 902 2158 vel
931 2092 1157 2158 archidiacono
1188 2089 1242 2157 vel
1271 2113 1293 2155 a

235 2193 434 2279 parochiano
455 2215 515 2260 suo
537 2195 737 2282 presbytero.
777 2195 823 2260 Et
845 2195 874 2260 si
895 2196 967 2280 quis
988 2217 1100 2260 comm
1120 2193 1293 2281 presbyter
1304 2204 1437 2283 Julius-¹

236 2296 291 2361 vel
329 2297 464 2362 clericus
496 2298 580 2364 forte
617 2319 662 2364 an
699 2299 831 2377 cccmus,
871 2298 960 2384 quod
998 2298 1093 2375 absit,
1127 2303 1186 2363 aut
1217 2272 1457 2404 vul-ffissffln

237 2403 372 2464 neratus
403 2399 512 2477 fiterit,
546 2404 607 2465 aut
639 2422 682 2466 ex
714 2403 761 2466 eis
799 2401 951 2467 omnibus
988 2401 1125 2466 alicuius
1162 2400 1293 2482 iniuria

237 2501 428 2567 acclamatio
451 2504 640 2584 surrexerit,
657 2502 814 2590 quicquid
836 2527 879 2570 ex
902 2504 954 2568 his
976 2503 1130 2570 omnibus
1150 2504 1293 2570 attinere

238 2603 379 2682 videtur,
418 2605 478 2670 hoc
514 2611 626 2672 totum
657 2606 775 2671 abbati
813 2607 870 2692 qui
904 2607 941 2671 in
972 2607 1043 2694 ipso
1076 2611 1189 2674 sancto
1222 2608 1293 2673 loco
1398 2683 1402 2692 ,

238 2706 408 2793 praefuerit
444 2707 625 2793 ceterisque
669 2707 829 2774 fratribus
874 2709 1063 2776 habendum
1108 2715 1143 2775 et
1187 2710 1294 2797 dispo-

239 2811 386 2876 nendum
417 2809 631 2875 concedimus.
688 2810 727 2876 Si
748 2815 871 2890 autem,
896 2813 986 2897 quod
1009 2813 1104 2890 absit,
1129 2814 1229 2879 etiam
1253 2815 1293 2878 de

239 2913 336 2979 rebus
383 2934 496 2979 comm
533 2914 660 2981 furtum
704 2914 806 2980 fuerit
845 2915 978 2995 factum,
1017 2922 1052 2983 et
1089 2918 1202 2983 abbati
1239 2918 1294 2981 vel
1397 2937 1408 2953 ·

239 3016 399 3082 fratribus
420 3017 530 3081 visum
566 3016 667 3081 fuerit
697 3022 739 3082 ut
772 3019 975 3085 examinatio
1011 3042 1052 3085 ex
1081 3021 1143 3086 hoc
1176 3020 1295 3085 debeat

239 3119 366 3207 agitari,
395 3118 567 3185 habebunt
596 3117 766 3185 licentiam
799 3122 982 3209 accipiendi
1014 3146 1035 3186 a
1067 3126 1179 3189 nostro
1210 3124 1294 3208 epis-

240 3227 361 3309 copatu
394 3222 605 3288 benedictum
635 3222 767 3304 fenum,
800 3224 855 3289 vel
888 3225 917 3290 si
951 3246 1018 3311 qua
1048 3226 1115 3290 alia
1145 3225 1214 3290 sint
1244 3225 1294 3289 in-

240 3330 428 3391 strumenta
448 3330 509 3392 aut
530 3324 775 3392 benedictiones
808 3327 852 3392 ad
882 3328 1071 3392 huiusmodi
1105 3348 1174 3393 rem
1202 3347 1293 3393 exer-

239 3430 385 3507 cendam,
424 3429 547 3515 absque
578 3430 749 3495 exactione
783 3430 884 3517 pretii
918 3452 939 3494 a
973 3430 1208 3496 calumniatore
1239 3430 1294 3495 vel

240 3532 450 3609 calumniata,
479 3532 569 3597 intra
598 3532 804 3619 procinctum
837 3534 1027 3599 monasterii
1056 3539 1210 3615 tantum3
1237 3534 1294 3599 sed

240 3641 338 3701 extm
381 3634 537 3701 efferendi
573 3636 618 3700 ad
654 3635 751 3701 villas
787 3657 870 3712 suas,
910 3637 965 3702 vel
1004 3657 1117 3703 causas
1154 3638 1294 3703 aliorum

240 3738 384 3825 agendas
405 3754 474 3803 non
500 3736 672 3803 habebunt
706 3743 911 3825 potestatem.
969 3738 1171 3806 Relaxamus
1193 3742 1293 3807 etiam

242 3862 298 3906 eos
329 3841 389 3927 qui
422 3840 512 3905 intra
542 3840 658 3905 villam
694 3840 798 3927 ipsius
833 3841 1019 3927 procinctus
1051 3849 1295 3910 commorantur

241 3967 264 4009 a
283 3946 420 4009 collecta
441 3943 649 4009 denariorum
669 3963 770 4029 quam
793 3942 990 4010 Romesooth
1012 3946 1189 4033 appellant,
1210 3948 1295 4025 sicut
1307 3959 1460 4024 Exemption

242 4049 428 4114 relaxatum
458 4052 511 4113 est
533 4071 554 4112 a
574 4043 708 4135 regibus
739 4046 815 4112 Offa
836 4051 872 4113 et
896 4048 1073 4136 Kenulpho
1096 4054 1130 4115 ct
1153 4050 1291 4136 Edgaro,
1305 4028 1460 4146 meme·

243 4158 279 4217 et
310 4152 422 4218 omnia
453 4172 528 4237 quae
560 4150 604 4215 ad
635 4148 827 4215 libertatem
864 4155 900 4215 et
937 4152 1171 4217 exaltationem
1205 4152 1294 4217 illius

243 4255 307 4321 loci
329 4277 387 4341 per
409 4260 556 4319 nostram
582 4252 812 4319 auctoritatem
844 4254 995 4320 accedere
1027 4259 1173 4341 possunt,
1197 4254 1295 4320 hilari

243 4362 279 4423 et
307 4361 463 4443 prompta
493 4356 669 4422 voluntate
700 4356 927 4437 concedimus;
958 4358 1114 4421 nimirum
1137 4380 1212 4423 cum
1234 4380 1295 4446 ego

242 4460 294 4525 illi
332 4460 403 4526 loco
440 4464 553 4539 sancto
590 4459 684 4546 quasi
720 4458 901 4525 multorum
941 4482 1055 4547 regum
1092 4461 1294 4549 temporibus

243 4562 394 4651 neglecto
417 4560 613 4649 praefuerim,
636 4548 743 4649 quem*
756 4567 879 4651 postea,
901 4561 1024 4629 additis
1045 4563 1092 4629 eis
1114 4565 1294 4651 aliquantis

243 4667 349 4743 terris,
373 4664 559 4732 venerabili
582 4664 711 4731 Wlsino
744 4664 888 4734 eiusdem
922 4667 986 4733 loci
1018 4670 1178 4735 monacho
1209 4692 1296 4737 com·

242 4769 475 4836 mendavimus
498 4766 721 4834 servandum.''
