3567 5800
528 906 591 968 148
792 920 858 971 mc.
881 921 929 971 nu
952 921 1083 972 amnuo.
1106 920 1196 972 seso.
1221 921 1308 971 ursr.

528 1102 700 1168 Dauorum
722 1103 817 1190 regis,
841 1126 915 1189 qum
937 1125 1041 1190 nuper
1063 1105 1099 1168 in
1130 1104 1253 1190 Anglia
1274 1104 1384 1170 fuerat
1405 1104 1574 1170 interfecta

528 1227 604 1270 cum
635 1206 756 1272 marito
790 1227 850 1272 suo
880 1206 1017 1293 Palingo
1052 1207 1171 1271 comite
1202 1207 1408 1272 nobilissimo
1443 1213 1478 1272 et
1507 1207 1572 1270 filio

530 1330 589 1374 sno
613 1309 715 1375 unico.
784 1309 873 1373 Nam
908 1309 1068 1396 praedicta
1100 1309 1277 1374 Gunhildis
1300 1311 1415 1396 virago
1437 1311 1574 1398 pruden-

531 1412 659 1477 tissima
680 1413 768 1498 pacis
801 1412 890 1476 iuter
926 1413 1053 1498 Auglos
1090 1418 1125 1478 et
1162 1411 1276 1476 Dauos
1314 1413 1491 1477 mediatrix
1522 1434 1574 1476 ex·

409 1551 444 1576 a.
529 1515 641 1594 istene,
665 1536 733 1581 sese
756 1515 904 1579 obsidem
936 1537 1010 1579 cum
1042 1517 1114 1580 viro
1146 1537 1204 1578 sno
1228 1514 1364 1600 Palingo
1397 1516 1477 1580 dure
1499 1537 1575 1601 prae

528 1619 599 1682 fato
621 1624 656 1683 et
686 1619 783 1682 unico
817 1639 915 1703 quem
947 1617 1091 1682 habebat
1125 1617 1194 1682 filio
1225 1619 1294 1704 regi
1330 1618 1507 1682 Ethelrcdo
1536 1617 1575 1682 ad

529 1721 618 1808 pacis
640 1720 849 1786 securitatem
872 1719 972 1784 dedit.
1035 1719 1117 1786 Haec
1149 1743 1169 1784 a
1194 1742 1270 1806 rege
1304 1719 1483 1786 Ethelredo
1506 1741 1573 1785 cum

529 1829 614 1890 esset
636 1823 777 1888 Eadrico
811 1823 887 1888 duci
920 1823 1117 1908 nequissimo
1149 1823 1191 1888 ad
1223 1823 1473 1888 custodiendum
1496 1845 1574 1888 com-

529 1926 637 2006 missa,
661 1932 735 2013 post
758 1926 827 1991 dies
849 1947 969 2012 paucos
1002 1926 1038 1990 in
1061 1926 1131 1991 eius
1153 1927 1328 2012 praesentia
1350 1927 1460 1990 virum
1483 1949 1573 1992 suum

531 2029 707 2117 Palingum
729 2051 803 2094 cum
825 2029 896 2094 filio
922 2051 1036 2094 eorum
1059 2033 1217 2115 quattuor
1239 2029 1318 2094 fecit
1339 2027 1461 2094 lanceis
1485 2030 1574 2115 iugu-

529 2133 591 2197 lari
621 2133 769 2220 proditor
806 2131 863 2196 ille
901 2131 1068 2208 Eadricus,
1107 2133 1165 2217 qni
1203 2137 1238 2196 et
1277 2132 1368 2196 illam
1402 2133 1573 2196 novissime

529 2234 709 2322 decapitari
739 2235 903 2321 praecepit.
972 2232 1135 2300 Praedicta
1173 2255 1251 2300 vero
1285 2235 1402 2298 mulier
1440 2241 1573 2300 mortem

529 2337 609 2402 forti
639 2336 750 2402 auimo
783 2337 957 2424 perferens
991 2338 1071 2402 dum
1104 2338 1264 2402 moritura
1295 2343 1386 2416 esset,
1421 2359 1490 2402 uon
1522 2360 1572 2402 ex-

530 2439 657 2527 palluit,
692 2462 750 2506 uec
784 2448 914 2505 mortua
952 2445 1145 2526 consumpto
1182 2441 1339 2526 sanguiue
1376 2441 1490 2505 vultus
1525 2439 1570 2504 sui

529 2543 739 2610 serenitatem
761 2542 881 2609 amisit.
951 2543 1186 2608 Verumtamen
1222 2543 1363 2607 moriens
1385 2542 1571 2607 fiducialiter

530 2646 768 2732 pronuntiavit
803 2645 892 2731 quod
926 2645 978 2710 sui
1012 2645 1184 2732 sauguinis
1215 2645 1331 2709 effusio
1364 2667 1483 2730 magno
1512 2644 1568 2709 tati

530 2748 663 2834 Angliae
699 2748 783 2812 foret
820 2748 1026 2814 detrimento,
1096 2747 1160 2812 His
1193 2747 1296 2833 igitur
1330 2749 1369 2812 de
1393 2747 1497 2812 causis
1517 2769 1568 2810 rex

531 2852 681 2928 Suanos,
704 2851 758 2917 vir
779 2851 917 2917 crudelis
940 2857 974 2917 et
996 2851 1039 2918 ad
1061 2851 1229 2937 sauguinis
1252 2849 1443 2917 effusionem
1458 2871 1567 2939 pronus

531 2956 631 3021 etad
651 2955 834 3020 vindictam
867 2956 1043 3035 animatus,
1067 2960 1199 3019 cunctos
1230 2975 1298 3019 suec
1320 2954 1457 3019 dicionis
1478 2952 1566 3019 bella-

531 3064 619 3123 tores
640 3057 778 3122 invitari
809 3058 895 3137 fecit,
931 3058 1102 3143 missisque
1133 3078 1206 3123 cum
1239 3056 1344 3121 literis
1375 3058 1417 3121 ad
1449 3061 1567 3121 exteras

530 3162 679 3245 regiones
699 3160 885 3238 veredariis,
910 3159 1032 3224 milites
1065 3159 1239 3224 bellatores
1271 3160 1353 3223 lucri
1387 3158 1518 3245 cupidos
1538 3168 1567 3221 et

532 3264 650 3329 animis
671 3263 759 3327 leves
780 3262 823 3327 ad
846 3263 930 3327 hanc
952 3263 1197 3349 expeditionem
1219 3262 1332 3327 venire
1355 3262 1528 3325 mandavit.

363 3878 490 3999 ffiffli]
568 3890 666 3975 Quod
687 3912 745 3957 rea
768 3890 951 3957 Dauorum
973 3886 1122 3955 Sacarum
1145 3884 1314 3971 Arapliara
1336 3884 1534 3971 subiupauit.

392 4018 448 4066 ιτς.

364 4017 484 4154 invasion
495 4102 526 4152 0s
580 4100 707 4164 Icrrnn
740 4095 892 4161 omuibus
926 4094 969 4159 ad
1003 4092 1125 4159 dictam
1160 4090 1406 4177 expeditionem
1444 4088 1562 4176 paratis,

364 4172 464 4235 Sweyn.
534 4202 697 4289 Swayuus
730 4206 893 4285 tyrannus
927 4218 986 4261 rex
1019 4195 1188 4259 Dauorum
1221 4214 1294 4258 curn
1333 4193 1434 4259 classe
1467 4188 1564 4255 valida

534 4326 644 4371 meuse
675 4304 699 4369 J
701 4303 761 4368 ulii
792 4323 882 4366 mare
910 4300 1082 4386 ingressus,
1116 4298 1159 4362 ad
1192 4296 1344 4362 Sandwic
1375 4302 1505 4383 portum
1534 4292 1563 4355 in

534 4409 658 4495 Anglia
679 4403 847 4493 applicuit.
898 4402 969 4468 Ubi
991 4400 1103 4488 paucis
1125 4404 1342 4465 commoratus
1364 4400 1480 4465 diebus
1501 4396 1564 4461 Fst

534 4511 645 4597 anglia
665 4508 945 4592 circumnavigata
960 4504 1121 4569 Humbree
1136 4503 1280 4567 fluminis
1294 4502 1415 4566 ostium
1431 4498 1567 4565 intravit.

364 4624 488 4675 Ganaba
534 4616 567 4678 A
589 4636 655 4698 quo
676 4611 801 4675 flumen
819 4609 940 4674 Treute
963 4606 1158 4693 ingrediens,
1177 4605 1220 4669 ad
1242 4603 1442 4669 Gaiuesburc
1464 4602 1567 4667 villam

364 4691 453 4756 ΜΨ·
533 4714 714 4802 navigavit,
739 4719 773 4778 et
795 4712 916 4777 ibidem
949 4710 1085 4774 navium
1118 4730 1250 4772 suarum
1283 4708 1459 4771 stationem
1491 4724 1567 4769 com·

532 4818 653 4906 posuit.
699 4816 769 4882 Ubi
794 4814 904 4881 Cnuto
926 4813 994 4878 filio
1017 4833 1075 4879 suo
1097 4810 1231 4877 classem
1254 4808 1489 4889 commendans,
1505 4807 1566 4894 ipse
