3567 5800
442 893 490 942 ms
511 889 626 939 casus
647 890 771 941 aranu
790 890 988 939 ausu-111.
1011 876 1062 939 28.
1218 878 1279 941 141

230 1082 378 1148 cedebat
423 1080 524 1145 Valet
544 1079 687 1145 multum
701 1078 740 1143 in
761 1076 857 1144 bellis
878 1078 971 1143 ducis
993 1079 1177 1166 prasentia,
1192 1080 1283 1146 valet

230 1190 380 1272 spectata
402 1186 439 1249 in
462 1183 586 1249 talibus
607 1182 755 1259 audacia,
777 1180 869 1248 valet
891 1204 971 1247 usus
994 1188 1029 1247 ct
1051 1182 1195 1249 maxime
1218 1183 1283 1248 die·

230 1288 361 1375 ciplina.
408 1286 547 1367 Quibus,
561 1290 603 1350 ut
616 1285 698 1365 dixi,
713 1306 825 1350 carens
840 1285 1004 1350 exercitus
1026 1284 1282 1371 provincialibus

229 1390 476 1479 irrecuperabili
505 1388 685 1474 dispendio,
713 1386 862 1453 hostibus
891 1387 1072 1453 miserabili
1106 1392 1176 1453 erat
1198 1388 1283 1454 ludi-

229 1494 315 1561 brio.
361 1493 524 1559 Praeterea
553 1512 655 1556 naves
686 1490 730 1555 ad
761 1489 1004 1556 maritimorum
1028 1490 1211 1557 custodiam
1234 1490 1282 1555 fa-

230 1600 384 1673 bricatas,
417 1620 491 1663 cum
513 1596 550 1661 in
572 1594 721 1660 anchoris
744 1594 979 1673 constitissent,
1011 1598 1146 1681 repente
1171 1598 1282 1660 coorta

229 1709 409 1789 tempestas
441 1698 600 1785 corripuit
628 1703 663 1763 et
685 1697 780 1762 elisas
815 1698 904 1761 inter
934 1720 968 1763 se
997 1698 1142 1763 disiectis
1176 1719 1282 1763 arma·

228 1806 352 1871 mentis
395 1803 529 1868 inutiles
570 1799 725 1867 reddidit.
794 1798 911 1865 Paucae
944 1822 1022 1865 vcro
1055 1800 1095 1865 dc
1131 1800 1278 1886 reliquiis

227 1909 366 1973 navium
388 1905 628 1993 praedictarum,
662 1903 790 1988 impetu
812 1903 981 1967 cuiusdam
1005 1902 1150 1981 Wlnodi,
1181 1924 1277 1988 quem
1290 1912 1411 1965 Desara

226 2034 290 2076 rex
324 2011 511 2095 exlegatum
542 2007 689 2085 eiecerat,
721 2005 895 2070 submersae
931 2004 983 2069 vol
1019 2004 1158 2071 incensas
1188 2026 1278 2091 spem
1291 1981 1432 2110 ffiffisshe

228 2115 336 2179 totius
351 2111 482 2198 Angliae
496 2109 694 2175 fefellerunt.
740 2106 849 2173 Duces
864 2107 1024 2194 siquando
1041 2108 1084 2173 ad
1107 2107 1278 2173 consilium
1291 2113 1355 2166 fleet-

227 2216 470 2294 convenissent,
497 2234 573 2299 pars
594 2212 664 2289 boc,
696 2232 772 2297 pars
803 2210 887 2275 illud
910 2210 1078 2296 elegerunt
1090 2235 1099 2290 ;
1129 2210 1190 2275 vix
1221 2214 1281 2275 aut

227 2340 402 2406 nunquam
423 2317 460 2381 in
489 2314 611 2380 bonam
640 2312 839 2378 sententiam
872 2317 1052 2399 potuerunt
1085 2312 1278 2379 convenire=

228 2422 338 2509 magis
360 2419 450 2484 enim
473 2418 515 2483 de
536 2415 764 2482 simultatibus
794 2413 983 2481 domesticis
1005 2438 1104 2502 quam
1128 2416 1168 2481 de
1198 2415 1281 2502 pub·

229 2526 303 2592 licis
347 2518 598 2588 necessitatibus
635 2518 875 2583 consultabant
944 2518 1018 2582 Iam
1055 2539 1133 2583 vero
1171 2517 1281 2604 siquid

229 2632 371 2714 urgente
402 2623 544 2711 periculo
566 2620 649 2686 utile
671 2630 706 2685 et
728 2640 885 2685 arcanum
908 2620 1134 2702 decrevissent,
1166 2622 1281 2686 statim

228 2733 272 2798 ad
307 2732 421 2795 Dauos
454 2749 512 2815 per
545 2726 726 2814 proditores
757 2723 972 2791 deferebatur.
1041 2725 1129 2790 Nam
1163 2732 1282 2813 praeter

230 2838 401 2914 Elfricum,
434 2835 536 2899 Elferi
558 2854 779 2911 successorem,
813 2833 870 2918 qui
892 2836 1044 2897 sanctum
1073 2832 1282 2898 interfecerat

229 2941 436 3008 Edwardum
457 2959 567 3025 regem
596 2936 758 3004 instinctu
788 2935 905 3000 matris
935 2935 1080 3000 eiusdem
1102 2936 1280 3016 athelredi,

229 3052 305 3112 erat
326 3045 364 3107 in
385 3041 507 3107 talibus
536 3038 780 3127 proditionibus
810 3043 959 3103 assuetus
982 3042 1017 3102 et
1041 3039 1177 3104 idoneus
1209 3063 1281 3126 pro-

230 3153 322 3218 ditor
345 3149 494 3226 Edricus,
525 3167 620 3233 quem
643 3167 702 3210 rex
726 3144 924 3210 Ethelredus
947 3143 1119 3209 comitatui
1143 3145 1281 3211 Marcio·

228 3281 305 3324 rum
339 3255 537 3342 praefecerat
581 3251 645 3317 Ille
675 3251 812 3316 Edricus
845 3257 917 3316 erat
943 3249 1010 3316 faex
1041 3251 1212 3316 hominum
1246 3259 1280 3318 et
1292 3263 1367 3342 Far-ic
1378 3265 1420 3314 the

230 3361 372 3428 dedecus
392 3357 585 3444 Anglorum,
615 3354 799 3442 flagitiosus
821 3353 942 3431 hclu0,¹
967 3359 1119 3419 versutus
1149 3355 1278 3437 nebulo,
1292 3338 1386 3384 “³¹¹⁰‘'

229 3465 284 3531 cui
305 3461 465 3527 nobilitas
487 3479 564 3546 opes
594 3462 773 3546 pepererat,
807 3456 923 3544 lingua
945 3460 979 3522 et
1001 3456 1173 3523 audaciam
1195 3479 1281 3524 ccm-

229 3573 415 3659 paraverat
482 3566 549 3632 Hic
581 3564 786 3631 dissimulare
820 3570 944 3646 cautus,
979 3564 1103 3652 fingere
1137 3570 1281 3652 paratus,

229 3674 368 3744 consilia
399 3671 485 3759 regis
515 3674 555 3735 ut
587 3668 694 3734 fidelis
726 3667 922 3746 venabatur,
955 3672 995 3734 ut
1033 3667 1182 3754 proditor
1215 3669 1283 3734 dis·

229 3776 424 3846 seminabat.
478 3773 571 3858 Saepe
607 3770 651 3836 ad
688 3769 799 3836 hostes
836 3771 955 3836 missus
993 3771 1081 3858 pacis
1119 3771 1282 3837 mediator

229 3901 378 3970 pugnam
407 3875 562 3941 accendit.
610 3873 714 3940 Curius
746 3871 884 3959 perfidia
915 3874 1025 3939 crebro
1047 3873 1145 3939 buius
1169 3875 1282 3939 Ethel-

228 3989 302 4055 redi
315 3985 404 4072 regis
426 3989 581 4069 tempore,
597 3988 632 4046 et
655 3981 800 4045 maxime
822 3981 908 4066 regis
931 3981 1109 4066 sequentis,
1125 3981 1280 4048 videlicet

229 4087 399 4158 Edmundi
415 4084 524 4151 Ferrei
540 4084 681 4161 Lateris,
697 4083 736 4148 de
752 4081 835 4168 quo²
858 4083 1020 4169 posterius
1044 4084 1159 4161 dicam,
1175 4085 1281 4150 mani-

229 4197 313 4262 feste
344 4189 505 4278 apparuit
561 4187 657 4253 Solus
679 4207 721 4251 ex
744 4185 896 4250 omnibus
931 4207 1036 4250 comcs
1060 4186 1278 4252 Orientalium
1294 4201 1375 4252 Ulkiu

229 4298 423 4384 Anglorum,
460 4291 593 4357 nomine
624 4289 780 4364 Ulkillus,
814 4293 848 4353 et
885 4294 966 4353 tunc
998 4288 1136 4374 impigre
1164 4272 1421 4388 contraffiffi

228 4407 395 4468 invasores
417 4395 564 4474 restitit,
597 4393 647 4458 ita
668 4397 719 4472 ut,
741 4391 893 4477 quamvis
915 4413 1035 4457 nomen
1056 4391 1203 4460 victoriae
1235 4397 1277 4462 ad
1290 4402 1438 4470 flictsgrmt

230 4507 339 4573 hostes
355 4497 571 4578 concessisset,
587 4497 693 4561 multo
715 4496 789 4582 plus
804 4494 916 4560 afflicti
934 4495 992 4580 qui
1006 4495 1161 4576 vicerant,
1179 4519 1277 4582 quam
1291 4470 1438 4590 {fifessffffl

530 4691 564 4697 .-
583 4689 726 4696 --.--
740 4687 998 4695 2—...--.-..-—-.
1010 4687 1033 4692 -.
1052 4687 1147 4694 ὡ.-.-
1178 4689 1185 4694 ,.
1198 4689 1202 4694 .

400 4815 408 4845 ¹
427 4811 508 4880 deluo]
526 4814 607 4872 heluo,
619 4813 676 4865 MS.
876 4813 886 4843 ²
901 4811 961 4878 quc]
981 4827 1037 4878 qua,
1055 4813 1112 4864 MS.
