<?xml version="1.0" encoding="UTF-8"?>
<!DOCTYPE html PUBLIC "-//W3C//DTD XHTML 1.0 Transitional//EN"
    "http://www.w3.org/TR/xhtml1/DTD/xhtml1-transitional.dtd">
<html xmlns="http://www.w3.org/1999/xhtml" xml:lang="en" lang="en">
 <head>
  <title>
</title>
<meta http-equiv="Content-Type" content="text/html;charset=utf-8" />
  <meta name='ocr-system' content='tesseract 3.04.00' />
  <meta name='ocr-capabilities' content='ocr_page ocr_carea ocr_par ocr_line ocrx_word'/>
</head>
<body>
  <div class='ocr_page' id='page_1' title='image "./speculumhistori00mayogoog_0515.png"; bbox 0 0 3567 5800; ppageno 0'>
   <div class='ocr_carea' id='block_1_1' title="bbox 501 842 1277 907">
    <p class='ocr_par' dir='ltr' id='par_1_1' title="bbox 501 842 1277 907">
     <span class='ocr_line' id='line_1_1' title="bbox 501 842 1277 907; baseline -0.006 0"><span class='ocrx_word' id='word_1_1' title='bbox 501 842 566 907; x_wconf 76' lang='lat'>332</span> <span class='ocrx_word' id='word_1_2' title='bbox 760 854 825 904; x_wconf 80' lang='lat' dir='ltr'>arc.</span> <span class='ocrx_word' id='word_1_3' title='bbox 848 852 897 903; x_wconf 81' lang='lat' dir='ltr'>oa</span> <span class='ocrx_word' id='word_1_4' title='bbox 918 852 1051 903; x_wconf 76' lang='lat' dir='ltr'>crasso.</span> <span class='ocrx_word' id='word_1_5' title='bbox 1076 852 1165 901; x_wconf 72' lang='lat' dir='ltr'>scae.</span> <span class='ocrx_word' id='word_1_6' title='bbox 1190 852 1277 902; x_wconf 79' lang='lat' dir='ltr'>mer.</span> 
     </span>
    </p>
   </div>
   <div class='ocr_carea' id='block_1_2' title="bbox 499 1040 1548 2061">
    <p class='ocr_par' dir='ltr' id='par_1_2' title="bbox 499 1040 1548 2061">
     <span class='ocr_line' id='line_1_2' title="bbox 500 1040 1545 1132; baseline -0.003 -23"><span class='ocrx_word' id='word_1_7' title='bbox 500 1043 704 1132; x_wconf 76' lang='lat' dir='ltr'>singularum</span> <span class='ocrx_word' id='word_1_8' title='bbox 745 1065 852 1109; x_wconf 90' lang='lat' dir='ltr'>soccos</span> <span class='ocrx_word' id='word_1_9' title='bbox 883 1042 999 1107; x_wconf 84' lang='lat' dir='ltr'>furtim</span> <span class='ocrx_word' id='word_1_10' title='bbox 1036 1046 1137 1114; x_wconf 87' lang='lat' dir='ltr'>noctu</span> <span class='ocrx_word' id='word_1_11' title='bbox 1174 1041 1362 1129; x_wconf 79' lang='lat' dir='ltr'>surriperet,</span> <span class='ocrx_word' id='word_1_12' title='bbox 1401 1046 1437 1107; x_wconf 90' lang='lat' dir='ltr'>et</span> <span class='ocrx_word' id='word_1_13' title='bbox 1473 1040 1545 1107; x_wconf 92' lang='lat' dir='ltr'>dili·</span> 
     </span>
     <span class='ocr_line' id='line_1_3' title="bbox 499 1144 1546 1236; baseline -0.001 -25"><span class='ocrx_word' id='word_1_14' title='bbox 499 1151 615 1236; x_wconf 77' lang='lat' dir='ltr'>genter</span> <span class='ocrx_word' id='word_1_15' title='bbox 650 1146 736 1212; x_wconf 87' lang='lat' dir='ltr'>lotos</span> <span class='ocrx_word' id='word_1_16' title='bbox 779 1149 815 1212; x_wconf 91' lang='lat' dir='ltr'>et</span> <span class='ocrx_word' id='word_1_17' title='bbox 851 1144 1006 1212; x_wconf 90' lang='lat' dir='ltr'>inunctos</span> <span class='ocrx_word' id='word_1_18' title='bbox 1049 1144 1143 1210; x_wconf 86' lang='lat' dir='ltr'>lectis</span> <span class='ocrx_word' id='word_1_19' title='bbox 1187 1166 1318 1211; x_wconf 90' lang='lat' dir='ltr'>rursum</span> <span class='ocrx_word' id='word_1_20' title='bbox 1361 1152 1546 1231; x_wconf 82' lang='lat' dir='ltr'>apponeret</span> 
     </span>
     <span class='ocr_line' id='line_1_4' title="bbox 500 1245 1546 1338; baseline -0.005 -23"><span class='ocrx_word' id='word_1_21' title='bbox 500 1249 716 1338; x_wconf 76' lang='lat' dir='ltr'>Quapropter,</span> <span class='ocrx_word' id='word_1_22' title='bbox 739 1247 817 1315; x_wconf 88' lang='lat' dir='ltr'>licet</span> <span class='ocrx_word' id='word_1_23' title='bbox 847 1246 963 1313; x_wconf 86' lang='lat' dir='ltr'>multis</span> <span class='ocrx_word' id='word_1_24' title='bbox 994 1247 1160 1313; x_wconf 77' lang='lat' dir='ltr'>miraculis</span> <span class='ocrx_word' id='word_1_25' title='bbox 1182 1246 1273 1313; x_wconf 87' lang='lat' dir='ltr'>Deus</span> <span class='ocrx_word' id='word_1_26' title='bbox 1294 1245 1465 1313; x_wconf 85' lang='lat' dir='ltr'>viventem</span> <span class='ocrx_word' id='word_1_27' title='bbox 1496 1246 1546 1311; x_wconf 90' lang='lat' dir='ltr'>in-</span> 
     </span>
     <span class='ocr_line' id='line_1_5' title="bbox 499 1349 1546 1440; baseline -0.004 -21"><span class='ocrx_word' id='word_1_28' title='bbox 499 1352 659 1440; x_wconf 80' lang='lat' dir='ltr'>signierit,</span> <span class='ocrx_word' id='word_1_29' title='bbox 692 1352 784 1417; x_wconf 89' lang='lat' dir='ltr'>istud</span> <span class='ocrx_word' id='word_1_30' title='bbox 819 1350 1009 1438; x_wconf 87' lang='lat' dir='ltr'>exemplum</span> <span class='ocrx_word' id='word_1_31' title='bbox 1046 1350 1151 1437; x_wconf 73' lang='lat' dir='ltr'>magis</span> <span class='ocrx_word' id='word_1_32' title='bbox 1187 1349 1226 1415; x_wconf 90' lang='lat' dir='ltr'>in</span> <span class='ocrx_word' id='word_1_33' title='bbox 1262 1370 1359 1415; x_wconf 87' lang='lat' dir='ltr'>causa</span> <span class='ocrx_word' id='word_1_34' title='bbox 1396 1349 1546 1435; x_wconf 84' lang='lat' dir='ltr'>praedioo,</span> 
     </span>
     <span class='ocr_line' id='line_1_6' title="bbox 500 1452 1548 1543; baseline -0.004 -22"><span class='ocrx_word' id='word_1_35' title='bbox 500 1454 590 1543; x_wconf 90' lang='lat' dir='ltr'>quod</span> <span class='ocrx_word' id='word_1_36' title='bbox 613 1454 725 1520; x_wconf 89' lang='lat' dir='ltr'>omnia</span> <span class='ocrx_word' id='word_1_37' title='bbox 755 1476 854 1542; x_wconf 89' lang='lat' dir='ltr'>opera</span> <span class='ocrx_word' id='word_1_38' title='bbox 878 1454 949 1519; x_wconf 88' lang='lat' dir='ltr'>eius</span> <span class='ocrx_word' id='word_1_39' title='bbox 974 1452 1152 1519; x_wconf 78' lang='lat' dir='ltr'>inchoabat</span> <span class='ocrx_word' id='word_1_40' title='bbox 1183 1452 1303 1518; x_wconf 86' lang='lat' dir='ltr'>ceritas</span> <span class='ocrx_word' id='word_1_41' title='bbox 1334 1456 1369 1517; x_wconf 90' lang='lat' dir='ltr'>et</span> <span class='ocrx_word' id='word_1_42' title='bbox 1400 1472 1548 1517; x_wconf 75' lang='lat' dir='ltr'>mosum-</span> 
     </span>
     <span class='ocr_line' id='line_1_7' title="bbox 499 1553 1548 1642; baseline -0.008 -16"><span class='ocrx_word' id='word_1_43' title='bbox 499 1560 612 1626; x_wconf 87' lang='lat' dir='ltr'>mabat</span> <span class='ocrx_word' id='word_1_44' title='bbox 632 1556 812 1623; x_wconf 83' lang='lat' dir='ltr'>humilitas</span> <span class='ocrx_word' id='word_1_45' title='bbox 858 1556 1010 1642; x_wconf 86' lang='lat' dir='ltr'>Denique</span> <span class='ocrx_word' id='word_1_46' title='bbox 1032 1554 1241 1621; x_wconf 87' lang='lat' dir='ltr'>devotionem</span> <span class='ocrx_word' id='word_1_47' title='bbox 1270 1553 1412 1641; x_wconf 76' lang='lat' dir='ltr'>pectoris</span> <span class='ocrx_word' id='word_1_48' title='bbox 1442 1558 1479 1619; x_wconf 90' lang='lat' dir='ltr'>et</span> <span class='ocrx_word' id='word_1_49' title='bbox 1501 1554 1548 1619; x_wconf 93' lang='lat' dir='ltr'>iu·</span> 
     </span>
     <span class='ocr_line' id='line_1_8' title="bbox 499 1654 1547 1751; baseline -0.009 -22"><span class='ocrx_word' id='word_1_50' title='bbox 499 1662 691 1751; x_wconf 84' lang='lat' dir='ltr'>tegritatem</span> <span class='ocrx_word' id='word_1_51' title='bbox 728 1659 873 1748; x_wconf 89' lang='lat' dir='ltr'>corporis</span> <span class='ocrx_word' id='word_1_52' title='bbox 910 1659 981 1725; x_wconf 89' lang='lat' dir='ltr'>eius</span> <span class='ocrx_word' id='word_1_53' title='bbox 1017 1656 1177 1723; x_wconf 88' lang='lat' dir='ltr'>miracula</span> <span class='ocrx_word' id='word_1_54' title='bbox 1221 1656 1257 1723; x_wconf 91' lang='lat' dir='ltr'>in</span> <span class='ocrx_word' id='word_1_55' title='bbox 1295 1654 1366 1721; x_wconf 88' lang='lat' dir='ltr'>vita</span> <span class='ocrx_word' id='word_1_56' title='bbox 1404 1661 1439 1721; x_wconf 90' lang='lat' dir='ltr'>et</span> <span class='ocrx_word' id='word_1_57' title='bbox 1476 1662 1547 1743; x_wconf 84' lang='lat' dir='ltr'>post</span> 
     </span>
     <span class='ocr_line' id='line_1_9' title="bbox 499 1758 1548 1847; baseline -0.008 -16"><span class='ocrx_word' id='word_1_58' title='bbox 499 1768 638 1831; x_wconf 82' lang='lat' dir='ltr'>mortem</span> <span class='ocrx_word' id='word_1_59' title='bbox 687 1760 941 1839; x_wconf 80' lang='lat' dir='ltr'>commendent,¹</span> <span class='ocrx_word' id='word_1_60' title='bbox 988 1760 1193 1847; x_wconf 88' lang='lat' dir='ltr'>plurimaque</span> <span class='ocrx_word' id='word_1_61' title='bbox 1238 1758 1436 1846; x_wconf 88' lang='lat' dir='ltr'>templorum</span> <span class='ocrx_word' id='word_1_62' title='bbox 1482 1758 1548 1824; x_wconf 88' lang='lat' dir='ltr'>eius</span> 
     </span>
     <span class='ocr_line' id='line_1_10' title="bbox 499 1860 1548 1952; baseline -0.007 -18"><span class='ocrx_word' id='word_1_63' title='bbox 499 1866 616 1935; x_wconf 68' lang='lat' dir='ltr'>reditui</span> <span class='ocrx_word' id='word_1_64' title='bbox 639 1864 831 1952; x_wconf 78' lang='lat' dir='ltr'>Wyntouire</span> <span class='ocrx_word' id='word_1_65' title='bbox 860 1868 896 1930; x_wconf 87' lang='lat' dir='ltr'>et</span> <span class='ocrx_word' id='word_1_66' title='bbox 923 1861 1093 1929; x_wconf 87' lang='lat' dir='ltr'>Percboroe</span> <span class='ocrx_word' id='word_1_67' title='bbox 1124 1860 1347 1927; x_wconf 78' lang='lat' dir='ltr'>nescientibus</span> <span class='ocrx_word' id='word_1_68' title='bbox 1369 1861 1452 1927; x_wconf 85' lang='lat' dir='ltr'>viva</span> <span class='ocrx_word' id='word_1_69' title='bbox 1473 1882 1548 1927; x_wconf 85' lang='lat' dir='ltr'>voce</span> 
     </span>
     <span class='ocr_line' id='line_1_11' title="bbox 501 1968 729 2061; baseline -0.009 -26"><span class='ocrx_word' id='word_1_70' title='bbox 501 1968 729 2061; x_wconf 83' lang='lat' dir='ltr'>pronuntient.</span> 
     </span>
    </p>
   </div>
   <div class='ocr_carea' id='block_1_3' title="bbox 702 2198 1348 2338">
    <p class='ocr_par' dir='ltr' id='par_1_3' title="bbox 702 2198 1348 2338">
     <span class='ocr_line' id='line_1_12' title="bbox 702 2198 1348 2338; baseline 0.005 -21"><span class='ocrx_word' id='word_1_71' title='bbox 702 2198 953 2317; x_wconf 79' lang='lat' dir='ltr'>Oosrmusrro.</span> <span class='ocrx_word' id='word_1_72' title='bbox 1000 2250 1050 2318; x_wconf 78' lang='lat' dir='ltr'>Da</span> <span class='ocrx_word' id='word_1_73' title='bbox 1072 2250 1167 2318; x_wconf 80' lang='lat' dir='ltr'>boote</span> <span class='ocrx_word' id='word_1_74' title='bbox 1189 2252 1348 2338; x_wconf 74' lang='lat' dir='ltr'>Edqittu.</span> 
     </span>
    </p>
   </div>
   <div class='ocr_carea' id='block_1_4' title="bbox 494 2440 1550 4584">
    <p class='ocr_par' dir='ltr' id='par_1_4' title="bbox 494 2440 1550 4584">
     <span class='ocr_line' id='line_1_13' title="bbox 546 2440 1548 2529; baseline 0.003 -23"><span class='ocrx_word' id='word_1_75' title='bbox 546 2442 686 2507; x_wconf 80' lang='lat' dir='ltr'>Eousm</span> <span class='ocrx_word' id='word_1_76' title='bbox 716 2440 804 2528; x_wconf 82' lang='lat' dir='ltr'>regis</span> <span class='ocrx_word' id='word_1_77' title='bbox 839 2441 910 2507; x_wconf 85' lang='lat' dir='ltr'>filia</span> <span class='ocrx_word' id='word_1_78' title='bbox 941 2440 1089 2529; x_wconf 76' lang='lat' dir='ltr'>Edgitba</span> <span class='ocrx_word' id='word_1_79' title='bbox 1120 2440 1326 2507; x_wconf 88' lang='lat' dir='ltr'>Wiltunense</span> <span class='ocrx_word' id='word_1_80' title='bbox 1363 2444 1548 2509; x_wconf 86' lang='lat' dir='ltr'>coenobium</span> 
     </span>
     <span class='ocr_line' id='line_1_14' title="bbox 499 2542 1547 2623; baseline 0.003 -14"><span class='ocrx_word' id='word_1_81' title='bbox 499 2544 610 2610; x_wconf 88' lang='lat' dir='ltr'>sedem</span> <span class='ocrx_word' id='word_1_82' title='bbox 643 2542 767 2609; x_wconf 91' lang='lat' dir='ltr'>ossium</span> <span class='ocrx_word' id='word_1_83' title='bbox 798 2564 933 2609; x_wconf 89' lang='lat' dir='ltr'>suorum</span> <span class='ocrx_word' id='word_1_84' title='bbox 964 2543 1114 2609; x_wconf 83' lang='lat' dir='ltr'>dulcibus</span> <span class='ocrx_word' id='word_1_85' title='bbox 1147 2543 1276 2609; x_wconf 84' lang='lat' dir='ltr'>exuviis</span> <span class='ocrx_word' id='word_1_86' title='bbox 1310 2549 1416 2623; x_wconf 87' lang='lat' dir='ltr'>ornat,</span> <span class='ocrx_word' id='word_1_87' title='bbox 1439 2568 1547 2613; x_wconf 81' lang='lat' dir='ltr'>amore</span> 
     </span>
     <span class='ocr_line' id='line_1_15' title="bbox 498 2644 1549 2729; baseline 0.002 -17"><span class='ocrx_word' id='word_1_88' title='bbox 498 2648 596 2712; x_wconf 82' lang='lat' dir='ltr'>fovet</span> <span class='ocrx_word' id='word_1_89' title='bbox 653 2644 725 2712; x_wconf 82' lang='lat' dir='ltr'>&#39;Ubi</span> <span class='ocrx_word' id='word_1_90' title='bbox 746 2646 789 2712; x_wconf 92' lang='lat' dir='ltr'>ab</span> <span class='ocrx_word' id='word_1_91' title='bbox 816 2645 960 2711; x_wconf 81' lang='lat' dir='ltr'>infantia</span> <span class='ocrx_word' id='word_1_92' title='bbox 988 2646 1107 2713; x_wconf 75' lang='lat' dir='ltr'>scholae</span> <span class='ocrx_word' id='word_1_93' title='bbox 1130 2645 1313 2713; x_wconf 82' lang='lat' dir='ltr'>Dominicae</span> <span class='ocrx_word' id='word_1_94' title='bbox 1341 2646 1478 2729; x_wconf 81' lang='lat' dir='ltr'>traditu,</span> <span class='ocrx_word' id='word_1_95' title='bbox 1501 2648 1549 2714; x_wconf 90' lang='lat' dir='ltr'>in-</span> 
     </span>
     <span class='ocr_line' id='line_1_16' title="bbox 498 2748 1550 2837; baseline 0.001 -22"><span class='ocrx_word' id='word_1_96' title='bbox 498 2754 652 2837; x_wconf 84' lang='lat' dir='ltr'>corrupta</span> <span class='ocrx_word' id='word_1_97' title='bbox 683 2770 810 2836; x_wconf 89' lang='lat' dir='ltr'>semper</span> <span class='ocrx_word' id='word_1_98' title='bbox 838 2748 1033 2836; x_wconf 82' lang='lat' dir='ltr'>virginitate</span> <span class='ocrx_word' id='word_1_99' title='bbox 1064 2755 1100 2814; x_wconf 91' lang='lat' dir='ltr'>et</span> <span class='ocrx_word' id='word_1_100' title='bbox 1130 2748 1378 2835; x_wconf 78' lang='lat' dir='ltr'>frequentibus⁸</span> <span class='ocrx_word' id='word_1_101' title='bbox 1401 2750 1550 2816; x_wconf 76' lang='lat' dir='ltr'>excubiis</span> 
     </span>
     <span class='ocr_line' id='line_1_17' title="bbox 498 2850 1550 2942; baseline 0 -22"><span class='ocrx_word' id='word_1_102' title='bbox 498 2852 562 2920; x_wconf 93' lang='lat' dir='ltr'>Dei</span> <span class='ocrx_word' id='word_1_103' title='bbox 592 2852 735 2942; x_wconf 81' lang='lat' dir='ltr'>gratiam</span> <span class='ocrx_word' id='word_1_104' title='bbox 768 2851 1006 2934; x_wconf 80' lang='lat' dir='ltr'>demerebatur,</span> <span class='ocrx_word' id='word_1_105' title='bbox 1038 2850 1202 2918; x_wconf 87' lang='lat' dir='ltr'>uatelium</span> <span class='ocrx_word' id='word_1_106' title='bbox 1234 2856 1399 2918; x_wconf 90' lang='lat' dir='ltr'>tumorem</span> <span class='ocrx_word' id='word_1_107' title='bbox 1428 2853 1550 2920; x_wconf 89' lang='lat' dir='ltr'>mentis</span> 
     </span>
     <span class='ocr_line' id='line_1_18' title="bbox 497 2953 1550 3044; baseline 0 -22"><span class='ocrx_word' id='word_1_108' title='bbox 497 2956 705 3043; x_wconf 76' lang='lat' dir='ltr'>ingenuitate</span> <span class='ocrx_word' id='word_1_109' title='bbox 728 2975 888 3042; x_wconf 82' lang='lat' dir='ltr'>premens</span> <span class='ocrx_word' id='word_1_110' title='bbox 936 2953 1053 3020; x_wconf 89' lang='lat' dir='ltr'>Unum</span> <span class='ocrx_word' id='word_1_111' title='bbox 1085 2976 1106 3018; x_wconf 88' lang='lat' dir='ltr'>a</span> <span class='ocrx_word' id='word_1_112' title='bbox 1127 2954 1307 3021; x_wconf 89' lang='lat' dir='ltr'>maioribus</span> <span class='ocrx_word' id='word_1_113' title='bbox 1328 2956 1438 3044; x_wconf 86' lang='lat' dir='ltr'>accepi</span> <span class='ocrx_word' id='word_1_114' title='bbox 1462 2957 1550 3043; x_wconf 91' lang='lat' dir='ltr'>quod</span> 
     </span>
     <span class='ocr_line' id='line_1_19' title="bbox 497 3055 1549 3138; baseline 0.002 -14"><span class='ocrx_word' id='word_1_115' title='bbox 497 3082 565 3125; x_wconf 92' lang='lat' dir='ltr'>non</span> <span class='ocrx_word' id='word_1_116' title='bbox 595 3058 804 3125; x_wconf 88' lang='lat' dir='ltr'>mediocriter</span> <span class='ocrx_word' id='word_1_117' title='bbox 829 3055 988 3123; x_wconf 90' lang='lat' dir='ltr'>iudicium</span> <span class='ocrx_word' id='word_1_118' title='bbox 1011 3057 1201 3124; x_wconf 85' lang='lat' dir='ltr'>offendebat</span> <span class='ocrx_word' id='word_1_119' title='bbox 1227 3057 1408 3138; x_wconf 89' lang='lat' dir='ltr'>hominum,</span> <span class='ocrx_word' id='word_1_120' title='bbox 1432 3059 1549 3126; x_wconf 72' lang='lat' dir='ltr'>fallam</span> 
     </span>
     <span class='ocr_line' id='line_1_20' title="bbox 496 3161 1550 3248; baseline 0.003 -22"><span class='ocrx_word' id='word_1_121' title='bbox 496 3161 650 3230; x_wconf 88' lang='lat' dir='ltr'>videlicet</span> <span class='ocrx_word' id='word_1_122' title='bbox 682 3161 793 3226; x_wconf 91' lang='lat' dir='ltr'>oculos</span> <span class='ocrx_word' id='word_1_123' title='bbox 825 3181 940 3227; x_wconf 89' lang='lat' dir='ltr'>eorum</span> <span class='ocrx_word' id='word_1_124' title='bbox 971 3165 1161 3226; x_wconf 86' lang='lat' dir='ltr'>auratarum</span> <span class='ocrx_word' id='word_1_125' title='bbox 1199 3167 1362 3248; x_wconf 84' lang='lat' dir='ltr'>apparatu</span> <span class='ocrx_word' id='word_1_126' title='bbox 1394 3161 1550 3229; x_wconf 85' lang='lat' dir='ltr'>vestium</span> 
     </span>
     <span class='ocr_line' id='line_1_21' title="bbox 497 3262 1549 3352; baseline 0 -20"><span class='ocrx_word' id='word_1_127' title='bbox 497 3265 668 3351; x_wconf 84' lang='lat' dir='ltr'>Siquidem</span> <span class='ocrx_word' id='word_1_128' title='bbox 690 3264 884 3330; x_wconf 91' lang='lat' dir='ltr'>cultioribus</span> <span class='ocrx_word' id='word_1_129' title='bbox 906 3262 1111 3330; x_wconf 86' lang='lat' dir='ltr'>indumentis</span> <span class='ocrx_word' id='word_1_130' title='bbox 1141 3263 1264 3351; x_wconf 85' lang='lat' dir='ltr'>iugiter</span> <span class='ocrx_word' id='word_1_131' title='bbox 1294 3269 1414 3330; x_wconf 83' lang='lat' dir='ltr'>ornata</span> <span class='ocrx_word' id='word_1_132' title='bbox 1434 3287 1549 3352; x_wconf 84' lang='lat' dir='ltr'>proca·</span> 
     </span>
     <span class='ocr_line' id='line_1_22' title="bbox 496 3363 1548 3454; baseline 0.002 -21"><span class='ocrx_word' id='word_1_133' title='bbox 496 3369 597 3446; x_wconf 89' lang='lat' dir='ltr'>deret,</span> <span class='ocrx_word' id='word_1_134' title='bbox 630 3389 730 3454; x_wconf 81' lang='lat' dir='ltr'>quam</span> <span class='ocrx_word' id='word_1_135' title='bbox 762 3366 851 3431; x_wconf 92' lang='lat' dir='ltr'>illius</span> <span class='ocrx_word' id='word_1_136' title='bbox 881 3363 1091 3452; x_wconf 85' lang='lat' dir='ltr'>professionis</span> <span class='ocrx_word' id='word_1_137' title='bbox 1125 3365 1315 3433; x_wconf 84' lang='lat' dir='ltr'>sanctitudo</span> <span class='ocrx_word' id='word_1_138' title='bbox 1346 3373 1548 3454; x_wconf 78' lang='lat' dir='ltr'>exposceret</span> 
     </span>
     <span class='ocr_line' id='line_1_23' title="bbox 497 3466 1549 3558; baseline -0.001 -21"><span class='ocrx_word' id='word_1_139' title='bbox 497 3471 597 3538; x_wconf 88' lang='lat' dir='ltr'>Unde</span> <span class='ocrx_word' id='word_1_140' title='bbox 626 3493 649 3535; x_wconf 92' lang='lat' dir='ltr'>a</span> <span class='ocrx_word' id='word_1_141' title='bbox 678 3474 793 3536; x_wconf 88' lang='lat' dir='ltr'>sancto</span> <span class='ocrx_word' id='word_1_142' title='bbox 819 3466 1040 3534; x_wconf 82' lang='lat' dir='ltr'>AEthelwoldo</span> <span class='ocrx_word' id='word_1_143' title='bbox 1070 3469 1180 3556; x_wconf 85' lang='lat' dir='ltr'>pulum</span> <span class='ocrx_word' id='word_1_144' title='bbox 1206 3470 1384 3557; x_wconf 86' lang='lat' dir='ltr'>increpata,</span> <span class='ocrx_word' id='word_1_145' title='bbox 1413 3493 1549 3558; x_wconf 87' lang='lat' dir='ltr'>respon·</span> 
     </span>
     <span class='ocr_line' id='line_1_24' title="bbox 495 3571 1548 3656; baseline 0 -18"><span class='ocrx_word' id='word_1_146' title='bbox 495 3574 582 3640; x_wconf 90' lang='lat' dir='ltr'>disse</span> <span class='ocrx_word' id='word_1_147' title='bbox 604 3572 710 3638; x_wconf 82' lang='lat' dir='ltr'>fertur</span> <span class='ocrx_word' id='word_1_148' title='bbox 735 3593 796 3637; x_wconf 89' lang='lat' dir='ltr'>uec</span> <span class='ocrx_word' id='word_1_149' title='bbox 816 3572 928 3656; x_wconf 90' lang='lat' dir='ltr'>inepte</span> <span class='ocrx_word' id='word_1_150' title='bbox 951 3593 1011 3636; x_wconf 87' lang='lat' dir='ltr'>nec</span> <span class='ocrx_word' id='word_1_151' title='bbox 1036 3571 1184 3638; x_wconf 83' lang='lat' dir='ltr'>infacete.</span> <span class='ocrx_word' id='word_1_152' title='bbox 1243 3578 1260 3607; x_wconf 90' lang='lat'><strong>“</strong></span> <span class='ocrx_word' id='word_1_153' title='bbox 1276 3571 1387 3638; x_wconf 78' lang='lat' dir='ltr'>verax</span> <span class='ocrx_word' id='word_1_154' title='bbox 1410 3579 1446 3640; x_wconf 88' lang='lat' dir='ltr'>et</span> <span class='ocrx_word' id='word_1_155' title='bbox 1467 3573 1548 3638; x_wconf 87' lang='lat' dir='ltr'>irre·</span> 
     </span>
     <span class='ocr_line' id='line_1_25' title="bbox 495 3672 1549 3764; baseline -0.001 -23"><span class='ocrx_word' id='word_1_156' title='bbox 495 3675 654 3764; x_wconf 81' lang='lat' dir='ltr'>fragubila</span> <span class='ocrx_word' id='word_1_157' title='bbox 676 3673 835 3740; x_wconf 90' lang='lat' dir='ltr'>iudicium</span> <span class='ocrx_word' id='word_1_158' title='bbox 861 3672 949 3754; x_wconf 90' lang='lat' dir='ltr'>Dei;</span> <span class='ocrx_word' id='word_1_159' title='bbox 983 3673 1055 3739; x_wconf 86' lang='lat' dir='ltr'>sola</span> <span class='ocrx_word' id='word_1_160' title='bbox 1084 3674 1275 3740; x_wconf 90' lang='lat' dir='ltr'>mortalium</span> <span class='ocrx_word' id='word_1_161' title='bbox 1302 3675 1451 3762; x_wconf 88' lang='lat' dir='ltr'>operitur</span> <span class='ocrx_word' id='word_1_162' title='bbox 1472 3697 1549 3742; x_wconf 90' lang='lat' dir='ltr'>oon-</span> 
     </span>
     <span class='ocr_line' id='line_1_26' title="bbox 496 3774 1548 3866; baseline 0 -21"><span class='ocrx_word' id='word_1_163' title='bbox 496 3778 660 3858; x_wconf 89' lang='lat' dir='ltr'>sciontia;</span> <span class='ocrx_word' id='word_1_164' title='bbox 701 3799 781 3842; x_wconf 91' lang='lat' dir='ltr'>nam</span> <span class='ocrx_word' id='word_1_165' title='bbox 819 3781 853 3842; x_wconf 92' lang='lat' dir='ltr'>et</span> <span class='ocrx_word' id='word_1_166' title='bbox 890 3775 928 3840; x_wconf 90' lang='lat' dir='ltr'>in</span> <span class='ocrx_word' id='word_1_167' title='bbox 961 3774 1112 3842; x_wconf 88' lang='lat' dir='ltr'>sordibus</span> <span class='ocrx_word' id='word_1_168' title='bbox 1145 3775 1302 3844; x_wconf 88' lang='lat' dir='ltr'>luctuosis</span> <span class='ocrx_word' id='word_1_169' title='bbox 1335 3781 1446 3866; x_wconf 89' lang='lat' dir='ltr'>potest</span> <span class='ocrx_word' id='word_1_170' title='bbox 1478 3801 1548 3845; x_wconf 85' lang='lat' dir='ltr'>esse</span> 
     </span>
     <span class='ocr_line' id='line_1_27' title="bbox 495 3879 1547 3968; baseline 0 -21"><span class='ocrx_word' id='word_1_171' title='bbox 495 3881 664 3947; x_wconf 88' lang='lat' dir='ltr'>iactantia.</span> <span class='ocrx_word' id='word_1_172' title='bbox 708 3879 919 3966; x_wconf 82' lang='lat' dir='ltr'>Quapropter</span> <span class='ocrx_word' id='word_1_173' title='bbox 940 3883 1021 3966; x_wconf 92' lang='lat' dir='ltr'>puto</span> <span class='ocrx_word' id='word_1_174' title='bbox 1043 3879 1132 3966; x_wconf 91' lang='lat' dir='ltr'>quod</span> <span class='ocrx_word' id='word_1_175' title='bbox 1146 3884 1217 3945; x_wconf 85' lang='lat' dir='ltr'>tum</span> <span class='ocrx_word' id='word_1_176' title='bbox 1239 3880 1432 3968; x_wconf 91' lang='lat' dir='ltr'>incorrupta</span> <span class='ocrx_word' id='word_1_177' title='bbox 1453 3904 1547 3947; x_wconf 89' lang='lat' dir='ltr'>mens</span> 
     </span>
     <span class='ocr_line' id='line_1_28' title="bbox 495 3980 1548 4072; baseline 0.001 -21"><span class='ocrx_word' id='word_1_178' title='bbox 495 3990 605 4072; x_wconf 90' lang='lat' dir='ltr'>potest</span> <span class='ocrx_word' id='word_1_179' title='bbox 634 4004 703 4050; x_wconf 86' lang='lat' dir='ltr'>esse</span> <span class='ocrx_word' id='word_1_180' title='bbox 724 3981 785 4048; x_wconf 92' lang='lat' dir='ltr'>sub</span> <span class='ocrx_word' id='word_1_181' title='bbox 815 3981 888 4048; x_wconf 88' lang='lat' dir='ltr'>istis</span> <span class='ocrx_word' id='word_1_182' title='bbox 910 3980 1068 4062; x_wconf 88' lang='lat' dir='ltr'>vestibus,</span> <span class='ocrx_word' id='word_1_183' title='bbox 1095 4004 1194 4069; x_wconf 91' lang='lat' dir='ltr'>quam</span> <span class='ocrx_word' id='word_1_184' title='bbox 1224 3983 1286 4049; x_wconf 91' lang='lat' dir='ltr'>sub</span> <span class='ocrx_word' id='word_1_185' title='bbox 1312 3983 1380 4048; x_wconf 84' lang='lat' dir='ltr'>tuis</span> <span class='ocrx_word' id='word_1_186' title='bbox 1402 3983 1548 4052; x_wconf 85' lang='lat' dir='ltr'>discissis</span> 
     </span>
     <span class='ocr_line' id='line_1_29' title="bbox 494 4084 1548 4178; baseline -0.001 -24"><span class='ocrx_word' id='word_1_187' title='bbox 494 4084 666 4178; x_wconf 85' lang='lat' dir='ltr'>pellibus”</span> <span class='ocrx_word' id='word_1_188' title='bbox 725 4085 799 4151; x_wconf 92' lang='lat' dir='ltr'>Hoc</span> <span class='ocrx_word' id='word_1_189' title='bbox 833 4084 923 4150; x_wconf 91' lang='lat' dir='ltr'>dicto</span> <span class='ocrx_word' id='word_1_190' title='bbox 959 4105 1166 4171; x_wconf 88' lang='lat' dir='ltr'>repercussus</span> <span class='ocrx_word' id='word_1_191' title='bbox 1203 4085 1355 4173; x_wconf 81' lang='lat' dir='ltr'>pontifex</span> <span class='ocrx_word' id='word_1_192' title='bbox 1389 4092 1425 4152; x_wconf 89' lang='lat' dir='ltr'>et</span> <span class='ocrx_word' id='word_1_193' title='bbox 1462 4089 1548 4154; x_wconf 87' lang='lat' dir='ltr'>veri-</span> 
     </span>
     <span class='ocr_line' id='line_1_30' title="bbox 495 4185 1547 4278; baseline -0.003 -19"><span class='ocrx_word' id='word_1_194' title='bbox 495 4198 601 4260; x_wconf 82' lang='lat' dir='ltr'>tatem</span> <span class='ocrx_word' id='word_1_195' title='bbox 632 4188 817 4278; x_wconf 87' lang='lat' dir='ltr'>approbans</span> <span class='ocrx_word' id='word_1_196' title='bbox 847 4185 1077 4253; x_wconf 84' lang='lat' dir='ltr'>taciturnitate</span> <span class='ocrx_word' id='word_1_197' title='bbox 1109 4209 1176 4265; x_wconf 88' lang='lat' dir='ltr'>sua,</span> <span class='ocrx_word' id='word_1_198' title='bbox 1200 4189 1380 4276; x_wconf 85' lang='lat' dir='ltr'>laetumque</span> <span class='ocrx_word' id='word_1_199' title='bbox 1414 4191 1547 4257; x_wconf 73' lang='lat' dir='ltr'>erubes-</span> 
     </span>
     <span class='ocr_line' id='line_1_31' title="bbox 495 4291 1547 4383; baseline -0.002 -20"><span class='ocrx_word' id='word_1_200' title='bbox 495 4321 580 4376; x_wconf 89' lang='lat' dir='ltr'>oens,</span> <span class='ocrx_word' id='word_1_201' title='bbox 604 4295 692 4383; x_wconf 93' lang='lat' dir='ltr'>quod</span> <span class='ocrx_word' id='word_1_202' title='bbox 714 4292 916 4359; x_wconf 85' lang='lat' dir='ltr'>scintillante</span> <span class='ocrx_word' id='word_1_203' title='bbox 937 4291 1056 4377; x_wconf 81' lang='lat' dir='ltr'>puellae</span> <span class='ocrx_word' id='word_1_204' title='bbox 1089 4291 1254 4358; x_wconf 88' lang='lat' dir='ltr'>sententia</span> <span class='ocrx_word' id='word_1_205' title='bbox 1275 4291 1378 4358; x_wconf 82' lang='lat' dir='ltr'>firerit</span> <span class='ocrx_word' id='word_1_206' title='bbox 1403 4291 1547 4376; x_wconf 85' lang='lat' dir='ltr'>inustus,</span> 
     </span>
     <span class='ocr_line' id='line_1_32' title="bbox 496 4393 1547 4468; baseline -0.004 -1"><span class='ocrx_word' id='word_1_207' title='bbox 496 4401 597 4468; x_wconf 89' lang='lat' dir='ltr'>siluit.</span> <span class='ocrx_word' id='word_1_208' title='bbox 642 4397 781 4462; x_wconf 86' lang='lat' dir='ltr'>Viderat</span> <span class='ocrx_word' id='word_1_209' title='bbox 805 4393 898 4459; x_wconf 89' lang='lat' dir='ltr'>illam</span> <span class='ocrx_word' id='word_1_210' title='bbox 929 4399 1061 4460; x_wconf 84' lang='lat' dir='ltr'>sanctus</span> <span class='ocrx_word' id='word_1_211' title='bbox 1082 4393 1278 4460; x_wconf 87' lang='lat' dir='ltr'>Dunstanus</span> <span class='ocrx_word' id='word_1_212' title='bbox 1309 4394 1346 4459; x_wconf 91' lang='lat' dir='ltr'>in</span> <span class='ocrx_word' id='word_1_213' title='bbox 1378 4417 1547 4464; x_wconf 83' lang='lat' dir='ltr'>consecra-</span> 
     </span>
     <span class='ocr_line' id='line_1_33' title="bbox 496 4496 1546 4584; baseline -0.005 -13"><span class='ocrx_word' id='word_1_214' title='bbox 496 4506 589 4572; x_wconf 88' lang='lat' dir='ltr'>tione</span> <span class='ocrx_word' id='word_1_215' title='bbox 619 4500 761 4568; x_wconf 84' lang='lat' dir='ltr'>basilicae</span> <span class='ocrx_word' id='word_1_216' title='bbox 792 4497 899 4564; x_wconf 85' lang='lat' dir='ltr'>sancti</span> <span class='ocrx_word' id='word_1_217' title='bbox 921 4496 1084 4584; x_wconf 87' lang='lat' dir='ltr'>Dionysii,</span> <span class='ocrx_word' id='word_1_218' title='bbox 1115 4517 1215 4583; x_wconf 87' lang='lat' dir='ltr'>quam</span> <span class='ocrx_word' id='word_1_219' title='bbox 1244 4496 1303 4562; x_wconf 86' lang='lat' dir='ltr'>illc</span> <span class='ocrx_word' id='word_1_220' title='bbox 1331 4497 1368 4562; x_wconf 90' lang='lat' dir='ltr'>in</span> <span class='ocrx_word' id='word_1_221' title='bbox 1398 4519 1546 4566; x_wconf 87' lang='lat' dir='ltr'>amorem</span> 
     </span>
    </p>
   </div>
   <div class='ocr_carea' id='block_1_5' title="bbox 498 4663 1038 4682">
    <p class='ocr_par' dir='ltr' id='par_1_5' title="bbox 498 4663 1038 4682">
     <span class='ocr_line' id='line_1_34' title="bbox 498 4663 1038 4682; baseline -0.019 -1"><span class='ocrx_word' id='word_1_222' title='bbox 498 4663 1011 4682; x_wconf 57' lang='lat'><em>--....-.-.-—.-—-..—»...-..</em></span> <span class='ocrx_word' id='word_1_223' title='bbox 1019 4665 1038 4672; x_wconf 81' lang='grc'>.-</span> 
     </span>
    </p>
   </div>
   <div class='ocr_carea' id='block_1_6' title="bbox 530 4769 1518 4849">
    <p class='ocr_par' dir='ltr' id='par_1_6' title="bbox 530 4769 1518 4849">
     <span class='ocr_line' id='line_1_35' title="bbox 530 4769 1518 4849; baseline 0.015 -34"><span class='ocrx_word' id='word_1_224' title='bbox 530 4781 730 4849; x_wconf 62' lang='lat' dir='ltr'>rmmdw]</span> <span class='ocrx_word' id='word_1_225' title='bbox 743 4777 993 4842; x_wconf 65' lang='lat' dir='ltr'>commendansliS.</span> <span class='ocrx_word' id='word_1_226' title='bbox 1022 4769 1030 4846; x_wconf 83' lang='grc'>1</span> <span class='ocrx_word' id='word_1_227' title='bbox 1076 4779 1086 4810; x_wconf 82' lang='lat'><strong>¹</strong></span> <span class='ocrx_word' id='word_1_228' title='bbox 1096 4775 1282 4844; x_wconf 75' lang='lat' dir='ltr'>frequentibus]</span> <span class='ocrx_word' id='word_1_229' title='bbox 1301 4777 1447 4844; x_wconf 75' lang='lat' dir='ltr'>frequemis,</span> <span class='ocrx_word' id='word_1_230' title='bbox 1460 4777 1518 4830; x_wconf 72' lang='lat' dir='ltr'>HS.</span> 
     </span>
    </p>
   </div>
   <div class='ocr_carea' id='block_1_7' title="bbox 0 0 1788 5798">
    <p class='ocr_par' dir='ltr' id='par_1_7' title="bbox 0 0 1788 5798">
     <span class='ocr_line' id='line_1_36' title="bbox 0 0 1788 5798; baseline 0 0"><span class='ocrx_word' id='word_1_231' title='bbox 0 0 1788 5798; x_wconf 95' lang='lat' dir='ltr'> </span> 
     </span>
    </p>
   </div>
  </div>
 </body>
</html>
