3567 5800
517 846 582 918 174
773 865 839 915 aro.
862 865 910 913 nn
932 867 1066 916 omnus.
1090 868 1178 916 saue.
1203 869 1294 932 mss,

514 1069 591 1112 vero
614 1047 732 1131 cnuto,
765 1071 809 1115 ne
829 1051 918 1116 inter
938 1053 1108 1118 seditiosos
1138 1058 1172 1118 et
1194 1054 1301 1120 ebrios
1322 1053 1443 1119 sedisse
1464 1051 1551 1117 vide-

514 1142 613 1216 retur,
635 1140 716 1203 navi
738 1138 1068 1209 westmonasterium
1090 1146 1190 1210 veuit

345 1254 502 1320 Breuem
558 1240 609 1305 De
638 1247 743 1308 morte
764 1265 843 1308 vero
876 1244 972 1310 istius
1003 1245 1178 1332 proditoris
1199 1246 1309 1312 Edrici
1337 1247 1436 1311 aiiter
1457 1245 1549 1332 scrip

345 1321 451 1439 ffin·
513 1345 586 1406 tum
618 1345 843 1430 repperimus3
880 1347 1043 1428 videlicet,
1076 1349 1163 1433 quod
1192 1349 1373 1414 cumidem
1406 1348 1550 1435 proditor

346 1453 415 1504 Ab.
430 1460 501 1509 1017.
513 1446 657 1513 audisset
690 1470 759 1513 sese
781 1471 803 1512 a
824 1449 947 1516 ducatu
970 1449 1167 1516 Merciorum
1200 1473 1297 1537 quem
1321 1451 1438 1516 multis
1460 1457 1550 1516 tenu·

346 1522 490 1647 foffiffim'
512 1553 584 1613 erat
612 1551 708 1615 aunis
741 1574 801 1638 per
823 1553 1009 1618 Cnutonem
1041 1576 1153 1641 regem
1171 1554 1268 1618 fuisse
1298 1555 1485 1640 spoliatum,
1517 1559 1549 1618 et

346 1660 403 1734 902}-
513 1651 637 1718 dietum
670 1675 780 1742 regem
813 1677 911 1742 super
943 1657 1004 1722 hoo
1034 1657 1210 1743 asperrime
1243 1655 1341 1722 nimis
1371 1658 1548 1744 increpans,

344 1721 472 1841 ΗΜ,
511 1755 753 1843 improperabat
774 1759 805 1824 ei
827 1759 985 1825 beneficia
1007 1783 1027 1824 a
1048 1781 1081 1825 se
1104 1761 1167 1825 sibi
1189 1761 1305 1826 collata
1327 1781 1394 1826 non
1427 1782 1547 1847 pauca5

345 1856 429 1922 5¹⁸¹·
511 1858 599 1924 inter
631 1883 705 1946 quae
735 1861 801 1926 duo
831 1862 972 1948 protulit
1004 1863 1091 1927 unde
1125 1863 1231 1949 ipsum
1262 1885 1373 1950 regem
1404 1863 1449 1928 ed
1469 1863 1547 1927 iram

511 1965 696 2043 commovit,
720 1966 839 2044 dicens,
871 1973 889 2001 ‘⁸
906 1965 1147 2047 Edmundum‚’'
1177 1968 1296 2054 iuquit,
1329 1976 1345 2003 “
1359 1971 1495 2054 propter
1515 1972 1546 2031 te
1596 2021 1600 2030 .

510 2069 654 2153 primum
676 2069 812 2148 deserui,
847 2075 881 2135 et
914 2075 988 2156 post
1011 2069 1105 2134 illum
1128 2069 1170 2135 ob
1191 2071 1243 2136 tui
1265 2069 1460 2136 fidelitatem
1494 2091 1544 2135 ex·

509 2173 625 2238 tinxi.”
693 2175 766 2255 Quo
800 2175 897 2255 dicte,
931 2176 1016 2264 regis
1051 2175 1212 2242 Onutonis
1244 2176 1340 2242 facies
1373 2177 1544 2241 immutata

508 2280 628 2346 rubore
641 2280 784 2347 furorem
806 2281 982 2369 expressit3
1005 2281 1040 2346 et
1061 2282 1215 2347 contiuuo
1237 2282 1364 2369 prolata
1386 2281 1543 2348 sententia

509 2385 616 2450 dixit:
653 2392 672 2420 “
687 2385 807 2451 Merito
830 2391 865 2451 ct
886 2392 925 2452 tu
948 2387 1101 2467 morieris,
1132 2409 1205 2452 cum
1227 2387 1270 2452 sis
1291 2387 1377 2453 laeeae
1399 2387 1543 2451 maiesta-

509 2491 553 2555 tis
585 2513 660 2556 reus
688 2493 726 2556 in
748 2489 858 2556 Deum
887 2492 980 2557 etin
1001 2512 1061 2568 me,
1094 2492 1151 2577 qui
1181 2491 1347 2578 proprium
1379 2491 1542 2558 dominum

509 2601 544 2661 et
575 2596 712 2662 fratrem
745 2597 827 2660 mihi
861 2597 1013 2663 occideris
1044 2595 1248 2662 foederatum.
1303 2595 1443 2684 Sanguis
1472 2601 1542 2661 tuus

508 2721 607 2786 super
628 2703 727 2786 caput
749 2704 853 2776 tuum,
883 2709 930 2764 'eo
960 2699 1047 2784 quod
1076 2700 1196 2764 misisti
1226 2721 1359 2765 manum
1390 2701 1429 2764 in
1450 2698 1541 2765 cbris-

507 2806 582 2866 tum
604 2799 767 2867 Domini'’
813 2802 859 2866 Et
881 2823 968 2884 mox,
990 2823 1033 2867 ne
1055 2802 1218 2867 tumuitus
1239 2803 1331 2868 ficret
1354 2802 1391 2866 in
1421 2801 1539 2890 poprie,

507 2906 632 2972 ibidem
654 2906 803 2973 faucibus
836 2908 1001 2974 suffocatis
1024 2908 1115 2973 etin
1137 2907 1316 2974 Thamense
1338 2908 1460 2973 flumen
1488 2928 1540 2995 per

507 3012 686 3079 fenestram
717 3012 951 3101 praecipitatus,
984 3014 1177 3101 proditionis
1208 3036 1275 3081 suae
1297 3014 1419 3079 meruit
1439 3013 1539 3079 subire

508 3117 672 3183 talionem.

339 3225 495 3277 Heu-Haut
553 3222 604 3286 De
626 3224 732 3286 morte
755 3242 884 3307 quoque
915 3220 1011 3286 huius
1041 3220 1217 3307 proditoris
1239 3219 1351 3285 Edrici
1372 3219 1430 3285 alii
1451 3218 1540 3284 aliter

340 3294 408 3343 nl).
424 3299 494 3344 ¹⁰¹⁶'
508 3324 686 3391 scribentes
709 3324 866 3389 dixenmt
889 3324 976 3409 quod
998 3323 1072 3389 dolo
1094 3323 1163 3388 eius
1185 3322 1357 3388 interfecto
1373 3322 1540 3387 Edmundo

506 3427 576 3513 ipse
607 3427 756 3515 proditor
786 3427 830 3492 ad
853 3425 1042 3493 Cnutonem
1073 3448 1183 3513 regem
1218 3426 1354 3491 veniens
1388 3425 1540 3491 salutavit

507 3551 590 3608 eum,
623 3531 740 3612 dicens,
768 3537 790 3569 “
804 3532 887 3610 Ave,
911 3552 971 3595 rex
993 3529 1079 3595 solus
1092 3532 1098 3591 !
1112 3529 1129 3554 ’'
1174 3528 1320 3616 Cumque
1343 3528 1386 3593 ad
1407 3530 1539 3593 interro-

505 3634 672 3721 gationem
705 3634 792 3722 regis
830 3632 1000 3709 cnutonis,
1039 3654 1138 3718 quare
1169 3633 1215 3697 sic
1251 3632 1425 3699 salutasset
1461 3654 1538 3712 eum,

505 3758 574 3801 rem
606 3743 734 3824 gestam
765 3738 806 3802 de
838 3742 944 3802 morte
975 3734 1142 3800 Edmundi
1165 3735 1312 3801 Onutoni
1342 3736 1539 3815 denudasset,

506 3840 676 3925 respondit
699 3841 810 3906 Onuto
832 3840 863 3905 ei
886 3840 1015 3905 dicens:
1052 3838 1157 3924 “Ego
1190 3842 1225 3903 te
1256 3838 1352 3903 hodie
1385 3838 1426 3903 ob
1456 3837 1539 3903 tanti

504 3942 652 4029 obsequii
695 3944 850 4008 meritum
886 3942 1012 4007 cunctis
1048 3941 1140 4028 regni
1184 3940 1368 4027 proceribus
1412 3942 1540 4006 reddam

504 4045 701 4114 celsiorem.''
757 4046 860 4111 Iussit
881 4066 958 4131 ergo
981 4066 1054 4109 eum
1086 4043 1276 4130 excapitari,
1308 4048 1343 4109 et
1375 4050 1474 4131 caput
1506 4044 1540 4107 in

503 4152 617 4238 stipite
647 4150 753 4214 fixum
786 4170 882 4235 super
913 4148 1032 4212 turrim
1065 4145 1309 4211 Londoniarum
1343 4147 1459 4212 avibus
1490 4168 1540 4211 ex-

502 4256 590 4341 poni
637 4254 701 4320 Sed
725 4252 795 4318 sive
818 4252 871 4330 sic,
907 4250 976 4315 sive
998 4248 1093 4315 aliter
1115 4250 1220 4317 vitem
1242 4248 1366 4314 finierit
1398 4250 1540 4338 proditor

505 4358 654 4439 Edricus‚
687 4363 813 4422 certum
835 4360 946 4419 tamen
969 4356 1026 4429 est,
1059 4352 1146 4438 quod
1169 4352 1391 4439 proditionum
1413 4374 1537 4419 suarum

369 4503 425 4553 e.·
503 4461 707 4547 stipendium
728 4458 889 4546 accipiens
907 4456 1056 4522 debitum
1070 4456 1265 4541 flagitiosam
1279 4456 1383 4520 vitam
1407 4456 1537 4543 pessima

382 4607 390 4621 ·
503 4571 609 4631 morte
641 4564 772 4629 finierit.
833 4560 920 4641 Quia
950 4560 1009 4625 hoc
1042 4558 1167 4644 liquido
1197 4563 1332 4639 constat,
1368 4556 1456 4645 quod
1487 4556 1537 4623 iile

502 4670 560 4758 qui
581 4669 703 4734 multos
725 4667 984 4733 circumvenerat
1004 4662 1140 4728 tandem
1163 4667 1212 4728 est
1233 4660 1320 4728 iusto
1336 4660 1400 4728 Dei
1422 4663 1537 4730 iudicio

501 4775 751 4840 circumventus
