3567 5800
440 840 488 890 nr
510 835 990 888 transmontana-111.
1015 823 1067 885 21.
1215 819 1279 883 109

275 1029 292 1060 “
309 1024 347 1101 -Ι-
363 1021 436 1109 Ego
452 1020 625 1088 Oswaldus
640 1018 855 1085 Ehoraoensis
869 1018 1011 1084 ecclesiae
1025 1016 1283 1111 archiepiscopus
1399 1017 1401 1024 ’

232 1127 329 1194 huius
360 1124 596 1190 munificentiae
630 1127 876 1188 conservatores
906 1120 1071 1198 benedixi,
1103 1121 1284 1186 contradic-

232 1237 318 1296 tores
364 1248 444 1292 vero
488 1230 649 1314 perpetuo
695 1225 860 1306 damnavi,
900 1225 1010 1290 dicens
1024 1222 1054 1289 :¹
1103 1222 1283 1292 ‘Effundat

233 1331 396 1400 Dominus
418 1350 515 1417 super
541 1351 596 1396 eos
619 1329 703 1394 iram
718 1350 820 1405 suam,
844 1333 879 1395 et
902 1327 994 1393 furor
1016 1328 1074 1393 iras
1097 1349 1166 1393 suso
1197 1349 1284 1392 com-

232 1435 414 1523 prehendat
435 1431 507 1499 eos'

276 1542 297 1572 “
312 1543 350 1620 -1-
374 1535 445 1622 Ego
468 1533 638 1600 Elistanus
660 1531 823 1599 ltoffensis
846 1532 988 1599 ecclesiae
1011 1535 1179 1622 episcopus
1200 1534 1285 1599 hano

231 1639 419 1705 libertatern
442 1641 696 1724 augmentantes
719 1635 804 1723 Regi
833 1657 950 1722 regum
973 1636 1206 1714 commendavi,
1230 1636 1283 1702 de·

231 1747 409 1808 structores
431 1745 544 1805 autem
566 1740 613 1804 sio
635 1738 771 1804 dicendo
794 1737 951 1804 maledixi
964 1737 986 1803 :²
1022 1737 1168 1805 ‘Veniat
1197 1759 1285 1804 mors

233 1866 333 1931 super
347 1844 430 1921 illos,
453 1848 489 1908 et
511 1841 710 1908 descendant
732 1840 768 1906 in
791 1840 958 1906 infernum
981 1840 1151 1907 viventes'

278 1945 448 2032 “-1-Ego
482 1943 616 2030 Elfegus
646 1942 895 2028 Wyntoniensis
938 1943 1079 2010 ecclesiae
1118 1943 1286 2030 episcopus

232 2049 321 2114 illius
343 2047 407 2113 loci
429 2045 634 2112 adamatores
649 2044 673 2109 J
675 2066 731 2110 esu
748 2044 880 2110 Christo
895 2044 1096 2132 consignavi,
1119 2047 1286 2112 invasores

232 2171 350 2237 nempe
384 2149 516 2216 [eternis
546 2147 746 2212 cruciatibus
776 2147 909 2226 tradidi,
935 2147 1068 2213 dicens:
1110 2148 1211 2213 ‘Non
1242 2149 1286 2215 sit

234 2253 298 2318 illis
312 2274 390 2340 pax,
405 2273 474 2343 non
494 2249 722 2326 misericordia,
747 2270 815 2314 non
836 2250 963 2336 pietas3
987 2250 1045 2316 sed
1067 2255 1172 2316 terror
1186 2250 1286 2316 infer·

232 2376 360 2431 norum,
384 2353 763 2439 crudelitas-poenarum,
788 2351 941 2439 impietas
963 2351 1188 2420 cruciatuum?

278 2465 350 2547 “-1-
373 2457 445 2544 Ego
477 2455 649 2521 Escwinus
690 2455 860 2542 episcopus
906 2454 1100 2522 Dorocensis
1145 2458 1287 2525 eeclesiae

232 2562 303 2628 haec
324 2559 448 2626 adieci:
474 2557 702 2624 ‘Embescant
725 2558 943 2624 destructores
965 2560 1229 2647 praesentialem,
1254 2566 1287 2626 et

232 2663 471 2730 contrahentur
507 2661 544 2724 in
580 2659 736 2726 saeculum
766 2661 886 2738 saecrrli,
920 2665 953 2726 et
987 2661 1230 2728 confundantur
1253 2667 1288 2728 et

233 2770 392 2854 pereant;
423 2763 646 2828 benefactores
668 2768 781 2828 antem
803 2764 840 2828 in
862 2769 1023 2830 aternum
1047 2766 1184 2832 vivant?

280 2876 299 2903 “
322 2881 362 2958 -Ι-
384 2865 460 2953 Ego
481 2863 626 2930 Adultus
647 2864 768 2952 praenrl
791 2863 1041 2934 Herefordensis
1064 2867 1205 2935 ecclesiae
1227 2867 1288 2934 hoc

234 2974 322 3038 idem
352 2971 424 3037 brec
453 2969 566 3035 dicens
598 2968 780 3035 affirmavi:
822 2970 1018 3037 ‘Maledicti
1050 2972 1119 3038 sint
1141 2978 1287 3059 raptores

234 3076 323 3140 illius
346 3076 469 3139 sancta
499 3071 642 3137 eoclesiae
674 3071 711 3135 in
733 3072 887 3137 omnibus
916 3074 1070 3160 operibus
1096 3074 1172 3154 suis,
1195 3079 1230 3139 et
1251 3076 1288 3139 in

235 3176 389 3241 omnibus
410 3173 475 3240 viis
504 3173 584 3251 suis,
614 3178 650 3239 et
678 3174 715 3239 iu
746 3176 874 3240 cunctis
906 3176 1198 3243 adinventionibus
1220 3178 1287 3241 suis

233 3280 366 3367 pravis3
389 3274 613 3341 benefactores
636 3297 714 3341 vero
735 3298 756 3341 a
779 3276 850 3343 Deo
872 3278 1128 3343 benedicantur?

281 3386 300 3415 “
315 3380 355 3456 -Ι-
365 3379 437 3465 Ego
451 3376 644 3442 Athelsinus
659 3378 828 3465 episcopus
843 3378 1130 3445 schireburnensis
1145 3379 1287 3447 ecclesiae

234 3481 424 3570 supradicta
453 3480 499 3546 sic
521 3480 684 3545 conclusi:
719 3479 938 3567 ‘Quicunque
963 3480 1097 3547 inferior
1111 3481 1165 3549 vel
1188 3482 1289 3549 subli-

235 3586 321 3651 mior
350 3587 468 3650 contra
492 3581 579 3647 huno
602 3581 752 3649 libellum
776 3582 953 3669 quicquam
975 3583 1146 3651 sinistrum
1168 3585 1288 3653 audere

234 3685 490 3775 praesnmpserit,
519 3685 618 3750 vivus
651 3685 694 3749 ad
726 3684 848 3752 inferos
877 3692 1028 3774 arreptus
1060 3688 1149 3754 inter
1178 3690 1289 3757 omnia

235 3794 395 3877 perpetua
416 3787 505 3852 mala
525 3786 562 3850 in
583 3791 779 3873 perpetuum
803 3787 997 3856 damnetur!

282 3891 417 3957 “Anno
438 3889 482 3955 ah
504 3890 730 3956 incarnatione
752 3890 890 3957 Domini
913 3891 1196 3979 noningentesimo
1218 3916 1289 3982 sep-
1301 3908 1370 3961 al).
1382 3914 1439 3963 aro.

234 3994 426 4082 tuagcsimo,
450 3991 580 4078 imperii
602 3997 714 4057 autem
737 3993 871 4079 gloriosi
894 3994 981 4081 regis
997 3995 1121 4081 Edgari
1144 3998 1287 4083 quarto‚³
1299 3976 1434 4108 ἓξὲξ·

236 4120 298 4185 ego
329 4096 495 4161 Aldredus
517 4095 620 4159 abbas
645 4094 731 4160 hanc
760 4096 948 4161 schedulam
971 4097 1108 4184 scripsi,⁴
1137 4098 1287 4165 kalendis
1300 4084 1420 4160 chnm'

236 4199 417 4287 Aprilibus,
452 4198 601 4284 episcopo
649 4197 824 4264 Dunstano
869 4204 1014 4287 rogante,
1054 4222 1153 4286 quam
1200 4202 1287 4268 idern
1300 4175 1445 4295 ffitffly

235 4304 405 4389 episoepus
443 4298 623 4365 londoniae
668 4305 702 4365 et
735 4300 923 4388 Wigomiae,
963 4320 1089 4367 necnon
1120 4308 1154 4369 et
1185 4306 1406 4373 totiusAldret

270 4507 276 4535 ¹
293 4506 332 4555 Is.
344 4503 432 4554 lxviii.
446 4507 488 4551 25.
821 4506 830 4534 ⁴
845 4502 983 4556 schedulam
1019 4508 1122 4575 scripsi]
1176 4511 1289 4562 sedidem

269 4588 280 4616 ²
296 4586 343 4635 Pr.
355 4584 399 4633 lir.
415 4587 456 4633 lt.
786 4582 884 4648 scripsi,
898 4584 954 4635 MS.

269 4658 352 4709 ’The
370 4656 457 4709 murth
477 4669 539 4721 year
561 4656 593 4708 os
616 4656 730 4721 Edgnr=

238 4738 309 4792 Ao.
322 4742 380 4788 ⁹62.
