3567 5800
391 842 937 898 unummumuunnuu-m.
961 831 1014 909 20,
1039 831 1092 895 21:
1167 827 1170 832 ’
1231 829 1274 896 95

229 1031 429 1114 Dunstanus,
452 1033 606 1099 exultans
630 1053 691 1121 pro
716 1032 808 1099 beuti
832 1031 925 1100 Petri
948 1029 1129 1098 dilectione·
1143 1033 1178 1095 et
1200 1027 1279 1116 quia

227 1131 335 1200 looum
356 1133 453 1200 iilum
465 1134 637 1202 exaltandi
653 1139 769 1223 optate
782 1138 934 1201 uteret-ur
948 1133 1114 1212 facultate,
1136 1129 1278 1198 monile¹

228 1257 363 1302 aureum
385 1237 526 1324 insignis
554 1237 662 1325 pretii,
697 1241 814 1324 utpote
851 1235 1095 1324 quinquaginta
1117 1233 1280 1313 siclorum,

228 1339 298 1426 regi
320 1339 413 1405 dedit
433 1340 470 1404 in
492 1361 635 1407 munere.
681 1340 819 1406 Invadit
842 1339 945 1428 igitur
966 1337 1132 1404 maximus
1154 1335 1281 1404 eoulesi·

229 1461 323 1506 urum
353 1445 389 1506 et
417 1463 583 1508 suororum
612 1441 776 1529 graduum
805 1445 983 1528 reperetur,
1012 1445 1134 1507 mnetae
1163 1437 1282 1506 menti-

229 1543 301 1608 onis
323 1543 443 1630 praesul
466 1544 671 1625 Dunetanus,
695 1544 754 1610 diu
776 1544 963 1631 neglectum
985 1542 1114 1620 looum3
1141 1541 1283 1609 aedifieia

229 1645 393 1711 construit
422 1646 536 1712 usibus
566 1651 647 1734 apta
677 1647 933 1724 monaohornm;
964 1645 1149 1711 mansiones
1183 1663 1281 1730 quam

230 1748 353 1814 multas
382 1753 551 1835 tenusque
582 1771 664 1836 quus
693 1749 860 1835 inquirere
888 1748 1022 1815 venales
1052 1745 1165 1834 potuit
1192 1745 1282 1823 emit,

229 1850 357 1936 ipsique
372 1851 514 1918 eeuleeiae
530 1851 693 1938 descripto
708 1856 743 1917 et
765 1852 959 1917 oonfirmeto
979 1849 1070 1936 regie
1088 1847 1284 1914 auctoritate

230 1953 365 2038 eiusque
401 1971 574 2040 proeerum
611 1951 811 2019 testimoniis
855 1951 1067 2038 eomprobeto
1110 1949 1284 2038 privilegio

230 2053 442 2136 eontradidit,
457 2060 717 2122 oonservutorem
746 2056 940 2143 scriptorum
967 2053 1163 2119 oorifirmuns
1185 2053 1284 2118 bene·

230 2155 384 2237 diutione,
421 2152 615 2223 uiolatorum
652 2157 690 2222 in
730 2176 769 2223 eo
810 2157 958 2222 multans
997 2153 1112 2221 divino
1150 2155 1286 2220 anathe-

229 2263 319 2324 mate
348 2258 415 2324 nisi
443 2257 639 2346 paenitentis
665 2263 701 2325 et
728 2263 840 2325 reatus
866 2256 1030 2325 oommissi
1055 2255 1284 2324 emendatione

231 2365 435 2448 promeretur
455 2361 598 2449 gretiam
620 2359 845 2449 indulgentiae.
884 2357 940 2428 Siu
955 2363 1071 2448 parato
1085 2357 1284 2426 monasterio

230 2461 407 2529 monachos
436 2463 573 2544 inducit,
597 2463 735 2550 Deoque
770 2467 806 2531 et
835 2484 895 2530 auo
925 2461 1075 2552 apostolo
1105 2459 1284 2528 seeundum

230 2565 321 2632 beati
351 2565 526 2633 Benedicti
556 2565 803 2633 institutionem
836 2563 959 2632 servire
991 2567 1026 2631 et
1056 2561 1169 2632 vivere
1199 2583 1286 2630 eom-

231 2667 417 2734 monefeeit
463 2665 603 2735 Praet'uit
624 2671 736 2735 eutem
758 2666 846 2734 idem
861 2665 934 2735 Deo
957 2665 1095 2734 dilectus
1117 2665 1286 2755 episeopus

231 2767 429 2836 Dunstunus
459 2769 564 2836 eidem
594 2771 794 2837 monasterio
819 2767 1107 2836 westmonasterii
1136 2763 1286 2857 pluribus

233 2870 336 2939 annis
382 2870 597 2940 Postmodum
629 2893 708 2940 vero
742 2869 941 2940 venerabilis
974 2875 1070 2961 puter
1092 2869 1287 2937 Dunstenus

232 2974 410 3065 saepedieto
433 2974 525 3042 beati
548 2974 640 3042 Petri
661 2974 861 3042 monasterio
883 2974 1169 3041 Westmonnsterii
1191 2994 1288 3040 vene-

231 3078 370 3144 rabilem
401 3076 548 3144 eiusdem
580 3076 773 3145 monasterii
795 3077 1001 3158 monuohum,
1031 3074 1287 3143 nomineW1ei-

234 3200 324 3259 num,
356 3179 480 3245 ibidem
511 3178 686 3248 eonstituit
716 3178 881 3247 abbatem
929 3180 996 3261 Qui
1022 3176 1171 3245 Wieinue
1200 3180 1289 3265 poet-

235 3282 371 3349 modum
393 3281 462 3347 suis
484 3282 694 3370 exigentibus
719 3282 846 3349 meritis
869 3282 913 3347 ad
940 3280 1050 3348 sedem
1075 3278 1289 3368 episeopudem

236 3384 549 3451 Sehirebmnensem
594 3384 712 3451 extitit
761 3385 949 3451 translatus.
1020 3382 1123 3450 Cuius
1168 3380 1290 3447 Wisini

233 3488 340 3553 ritum
362 3492 511 3553 sanetum
532 3486 618 3553 liber
640 3486 681 3553 de
703 3489 818 3553 eodem
840 3490 1047 3554 constructus
1069 3484 1189 3552 merito
1203 3504 1289 3551 eom-

235 3589 378 3655 mendat.
434 3588 536 3655 Unde
564 3589 603 3654 in
625 3588 774 3677 catalogo
797 3594 987 3656 sanctorum
1008 3609 1100 3655 nune
1122 3586 1289 3655 miraoulis

236 3691 483 3759 eoruscantibus
508 3714 577 3758 non
606 3692 743 3780 indigne
765 3696 815 3758 est
841 3692 1010 3780 ascriptae,
1043 3696 1143 3778 etque
1174 3710 1290 3779 eorpus

237 3796 339 3883 ipsius
360 3794 450 3883 apud
474 3792 691 3863 Sohireburne
713 3800 764 3861 est
784 3792 821 3860 in
843 3792 964 3862 feretro
986 3794 1163 3862 honorifice
1194 3794 1289 3861 eollo·

237 3903 359 3965 meum.

284 4108 535 4177 Oonmnumo.
581 4104 633 4173 De
654 4110 751 4174 eante
772 4104 863 4195 repis
883 4100 1020 4195 Edpoet
1042 4100 1247 4174 mortaeteeio

409 4206 499 4277 beuti
519 4205 620 4277 Petri
648 4207 936 4277 Westmonoetette'
958 4228 1118 4277 ooooeeeu

281 4353 332 4419 En
368 4352 448 4440 quia
484 4350 630 4417 diximus
679 4350 847 4417 eeclesiam
891 4350 1035 4439 regulem
1073 4346 1164 4417 beuti
1201 4346 1292 4415 Petri

239 4453 525 4523 westmonasterii
551 4474 609 4541 per
631 4452 903 4541 gloriosissimum
924 4474 1035 4541 regem
1058 4451 1227 4540 Edgarum
1257 4454 1292 4515 et

636 4648 730 4655 -.—-—-
957 4648 1129 4654 ..-.———
1138 4648 1145 4653 .

600 4758 609 4792 ¹
620 4754 718 4826 made]
729 4756 834 4822 manile,
843 4755 902 4811 MS.
