<?xml version="1.0" encoding="UTF-8"?>
<!DOCTYPE html PUBLIC "-//W3C//DTD XHTML 1.0 Transitional//EN"
    "http://www.w3.org/TR/xhtml1/DTD/xhtml1-transitional.dtd">
<html xmlns="http://www.w3.org/1999/xhtml" xml:lang="en" lang="en">
 <head>
  <title>
</title>
<meta http-equiv="Content-Type" content="text/html;charset=utf-8" />
  <meta name='ocr-system' content='tesseract 3.04.00' />
  <meta name='ocr-capabilities' content='ocr_page ocr_carea ocr_par ocr_line ocrx_word'/>
</head>
<body>
  <div class='ocr_page' id='page_1' title='image "./speculumhistori00mayogoog_0395.png"; bbox 0 0 3567 5800; ppageno 0'>
   <div class='ocr_carea' id='block_1_1' title="bbox 495 810 1275 879">
    <p class='ocr_par' dir='ltr' id='par_1_1' title="bbox 495 810 1275 879">
     <span class='ocr_line' id='line_1_1' title="bbox 495 810 1275 879; baseline 0.006 -6"><span class='ocrx_word' id='word_1_1' title='bbox 495 810 561 873; x_wconf 79' lang='lat'>212</span> <span class='ocrx_word' id='word_1_2' title='bbox 755 824 823 874; x_wconf 80' lang='lat' dir='ltr'>mc.</span> <span class='ocrx_word' id='word_1_3' title='bbox 846 824 1052 877; x_wconf 75' lang='lat' dir='ltr'>cromano.</span> <span class='ocrx_word' id='word_1_4' title='bbox 1075 826 1166 875; x_wconf 77' lang='lat' dir='ltr'>suno.</span> <span class='ocrx_word' id='word_1_5' title='bbox 1189 826 1275 879; x_wconf 84' lang='lat' dir='ltr'>msr.</span> 
     </span>
    </p>
   </div>
   <div class='ocr_carea' id='block_1_2' title="bbox 493 1012 1589 1205">
    <p class='ocr_par' dir='ltr' id='par_1_2' title="bbox 493 1012 1589 1205">
     <span class='ocr_line' id='line_1_2' title="bbox 493 1012 1547 1100; baseline 0.004 -23"><span class='ocrx_word' id='word_1_6' title='bbox 493 1016 606 1077; x_wconf 84' lang='lat' dir='ltr'>tamen</span> <span class='ocrx_word' id='word_1_7' title='bbox 626 1012 782 1100; x_wconf 84' lang='lat' dir='ltr'>praecepit</span> <span class='ocrx_word' id='word_1_8' title='bbox 807 1012 1007 1079; x_wconf 86' lang='lat' dir='ltr'>sufficienter</span> <span class='ocrx_word' id='word_1_9' title='bbox 1032 1015 1064 1080; x_wconf 90' lang='lat' dir='ltr'>ei</span> <span class='ocrx_word' id='word_1_10' title='bbox 1090 1016 1272 1081; x_wconf 85' lang='lat' dir='ltr'>necessaria</span> <span class='ocrx_word' id='word_1_11' title='bbox 1294 1015 1485 1093; x_wconf 84' lang='lat' dir='ltr'>ministrari,</span> <span class='ocrx_word' id='word_1_12' title='bbox 1510 1018 1547 1081; x_wconf 89' lang='lat' dir='ltr'>et</span> 
     </span>
     <span class='ocr_line' id='line_1_3' title="bbox 494 1108 1589 1205; baseline 0.005 -27"><span class='ocrx_word' id='word_1_13' title='bbox 494 1114 586 1179; x_wconf 86' lang='lat' dir='ltr'>illam</span> <span class='ocrx_word' id='word_1_14' title='bbox 601 1115 776 1181; x_wconf 86' lang='lat' dir='ltr'>mandavit</span> <span class='ocrx_word' id='word_1_15' title='bbox 795 1115 920 1182; x_wconf 81' lang='lat' dir='ltr'>ibidem</span> <span class='ocrx_word' id='word_1_16' title='bbox 935 1118 1046 1203; x_wconf 86' lang='lat' dir='ltr'>quiete</span> <span class='ocrx_word' id='word_1_17' title='bbox 1062 1117 1234 1183; x_wconf 88' lang='lat' dir='ltr'>demorari.</span> <span class='ocrx_word' id='word_1_18' title='bbox 1279 1118 1326 1185; x_wconf 89' lang='lat' dir='ltr'>Et</span> <span class='ocrx_word' id='word_1_19' title='bbox 1348 1124 1440 1199; x_wconf 87' lang='lat' dir='ltr'>nota,</span> <span class='ocrx_word' id='word_1_20' title='bbox 1456 1118 1547 1205; x_wconf 90' lang='lat' dir='ltr'>quod</span> <span class='ocrx_word' id='word_1_21' title='bbox 1583 1108 1589 1121; x_wconf 64' lang='lat'>⁸</span> 
     </span>
    </p>
   </div>
   <div class='ocr_carea' id='block_1_3' title="bbox 493 1216 1545 1410">
    <p class='ocr_par' dir='ltr' id='par_1_3' title="bbox 493 1216 1545 1410">
     <span class='ocr_line' id='line_1_4' title="bbox 493 1216 1545 1309; baseline 0.005 -28"><span class='ocrx_word' id='word_1_22' title='bbox 493 1216 579 1281; x_wconf 87' lang='lat' dir='ltr'>alter</span> <span class='ocrx_word' id='word_1_23' title='bbox 608 1217 802 1298; x_wconf 87' lang='lat' dir='ltr'>Edwardus,</span> <span class='ocrx_word' id='word_1_24' title='bbox 832 1220 936 1285; x_wconf 87' lang='lat' dir='ltr'>frater</span> <span class='ocrx_word' id='word_1_25' title='bbox 966 1220 1089 1285; x_wconf 88' lang='lat' dir='ltr'>scilicet</span> <span class='ocrx_word' id='word_1_26' title='bbox 1127 1220 1321 1287; x_wconf 84' lang='lat' dir='ltr'>Etheldrcdi</span> <span class='ocrx_word' id='word_1_27' title='bbox 1359 1222 1455 1309; x_wconf 84' lang='lat' dir='ltr'>regis,</span> <span class='ocrx_word' id='word_1_28' title='bbox 1486 1222 1545 1307; x_wconf 91' lang='lat' dir='ltr'>qui</span> 
     </span>
     <span class='ocr_line' id='line_1_5' title="bbox 493 1320 1543 1410; baseline 0.004 -25"><span class='ocrx_word' id='word_1_29' title='bbox 493 1320 603 1387; x_wconf 88' lang='lat' dir='ltr'>fuerat</span> <span class='ocrx_word' id='word_1_30' title='bbox 625 1321 786 1408; x_wconf 84' lang='lat' dir='ltr'>martyrio</span> <span class='ocrx_word' id='word_1_31' title='bbox 806 1327 992 1403; x_wconf 88' lang='lat' dir='ltr'>coronatus,</span> <span class='ocrx_word' id='word_1_32' title='bbox 1015 1324 1154 1410; x_wconf 88' lang='lat' dir='ltr'>patruus</span> <span class='ocrx_word' id='word_1_33' title='bbox 1177 1324 1244 1391; x_wconf 84' lang='lat' dir='ltr'>fuit</span> <span class='ocrx_word' id='word_1_34' title='bbox 1265 1324 1362 1389; x_wconf 89' lang='lat' dir='ltr'>istius</span> <span class='ocrx_word' id='word_1_35' title='bbox 1386 1323 1543 1390; x_wconf 84' lang='lat' dir='ltr'>Edwardi</span> 
     </span>
    </p>
   </div>
   <div class='ocr_carea' id='block_1_4' title="bbox 493 1423 589 1510">
    <p class='ocr_par' dir='ltr' id='par_1_4' title="bbox 493 1423 589 1510">
     <span class='ocr_line' id='line_1_6' title="bbox 493 1423 589 1510; baseline 0 -21"><span class='ocrx_word' id='word_1_36' title='bbox 493 1423 589 1510; x_wconf 83' lang='lat' dir='ltr'>regis.</span> 
     </span>
    </p>
   </div>
   <div class='ocr_carea' id='block_1_5' title="bbox 779 1852 1121 1921">
    <p class='ocr_par' dir='ltr' id='par_1_5' title="bbox 779 1852 1121 1921">
     <span class='ocr_line' id='line_1_7' title="bbox 779 1852 1121 1921; baseline -0.003 -1"><span class='ocrx_word' id='word_1_37' title='bbox 779 1915 782 1920; x_wconf 83' lang='lat'><em>.</em></span> <span class='ocrx_word' id='word_1_38' title='bbox 920 1852 998 1921; x_wconf 81' lang='grc' dir='ltr'><strong>ΟΔΡ.</strong></span> <span class='ocrx_word' id='word_1_39' title='bbox 1021 1854 1121 1920; x_wconf 87' lang='lat' dir='ltr'><strong>VIII.</strong></span> 
     </span>
    </p>
   </div>
   <div class='ocr_carea' id='block_1_6' title="bbox 319 2043 1544 2243">
    <p class='ocr_par' dir='ltr' id='par_1_6' title="bbox 319 2043 1544 2243">
     <span class='ocr_line' id='line_1_8' title="bbox 319 2043 1544 2169; baseline 0.005 -53"><span class='ocrx_word' id='word_1_40' title='bbox 319 2043 454 2169; x_wconf 45' lang='lat' dir='ltr'>{mli</span> <span class='ocrx_word' id='word_1_41' title='bbox 489 2054 541 2121; x_wconf 84' lang='lat' dir='ltr'>Dc</span> <span class='ocrx_word' id='word_1_42' title='bbox 554 2060 691 2121; x_wconf 68' lang='lat' dir='ltr'>actum</span> <span class='ocrx_word' id='word_1_43' title='bbox 704 2054 755 2121; x_wconf 81' lang='lat' dir='ltr'>cel</span> <span class='ocrx_word' id='word_1_44' title='bbox 768 2054 891 2141; x_wconf 73' lang='lat' dir='ltr'>fotura</span> <span class='ocrx_word' id='word_1_45' title='bbox 905 2055 1021 2123; x_wconf 67' lang='lat' dir='ltr'>sanda</span> <span class='ocrx_word' id='word_1_46' title='bbox 1041 2054 1133 2141; x_wconf 66' lang='lat' dir='ltr'>regis</span> <span class='ocrx_word' id='word_1_47' title='bbox 1154 2054 1332 2134; x_wconf 75' lang='lat' dir='ltr'>Edcccrdi,</span> <span class='ocrx_word' id='word_1_48' title='bbox 1356 2060 1386 2121; x_wconf 83' lang='lat' dir='ltr'>et</span> <span class='ocrx_word' id='word_1_49' title='bbox 1401 2056 1544 2142; x_wconf 81' lang='lat' dir='ltr'>optimis</span> 
     </span>
     <span class='ocr_line' id='line_1_9' title="bbox 319 2156 1147 2243; baseline 0.025 -17"><span class='ocrx_word' id='word_1_50' title='bbox 319 2192 344 2243; x_wconf 82' lang='lat' dir='ltr'>p.</span> <span class='ocrx_word' id='word_1_51' title='bbox 357 2184 414 2231; x_wconf 75' lang='lat'>396.</span> <span class='ocrx_word' id='word_1_52' title='bbox 891 2159 967 2227; x_wconf 59' lang='lat' dir='ltr'><em>W</em></span> <span class='ocrx_word' id='word_1_53' title='bbox 987 2156 1147 2225; x_wconf 50' lang='lat' dir='ltr'>mmm·</span> 
     </span>
    </p>
   </div>
   <div class='ocr_carea' id='block_1_7' title="bbox 315 2346 1543 4692">
    <p class='ocr_par' dir='ltr' id='par_1_7' title="bbox 315 2346 1543 4692">
     <span class='ocr_line' id='line_1_10' title="bbox 318 2346 1543 2437; baseline 0.003 -26"><span class='ocrx_word' id='word_1_54' title='bbox 318 2348 439 2401; x_wconf 71' lang='lat' dir='ltr'>Persona</span> <span class='ocrx_word' id='word_1_55' title='bbox 534 2346 585 2412; x_wconf 80' lang='lat' dir='ltr'>Er</span> <span class='ocrx_word' id='word_1_56' title='bbox 610 2352 650 2414; x_wconf 93' lang='lat' dir='ltr'>ut</span> <span class='ocrx_word' id='word_1_57' title='bbox 668 2352 793 2414; x_wconf 88' lang='lat' dir='ltr'>statum</span> <span class='ocrx_word' id='word_1_58' title='bbox 820 2348 890 2415; x_wconf 81' lang='lat' dir='ltr'>sive</span> <span class='ocrx_word' id='word_1_59' title='bbox 914 2348 1054 2415; x_wconf 88' lang='lat' dir='ltr'>formam</span> <span class='ocrx_word' id='word_1_60' title='bbox 1076 2348 1175 2416; x_wconf 86' lang='lat' dir='ltr'>istius</span> <span class='ocrx_word' id='word_1_61' title='bbox 1197 2349 1355 2415; x_wconf 82' lang='lat' dir='ltr'>Edwardi</span> <span class='ocrx_word' id='word_1_62' title='bbox 1382 2349 1543 2437; x_wconf 86' lang='lat' dir='ltr'>Etheling</span> 
     </span>
     <span class='ocr_line' id='line_1_11' title="bbox 316 2432 1541 2540; baseline 0.002 -26"><span class='ocrx_word' id='word_1_63' title='bbox 316 2432 472 2533; x_wconf 45' lang='grc' dir='ltr'>Εἴπω</span> <span class='ocrx_word' id='word_1_64' title='bbox 490 2448 531 2514; x_wconf 91' lang='lat' dir='ltr'>de</span> <span class='ocrx_word' id='word_1_65' title='bbox 554 2471 619 2536; x_wconf 95' lang='lat' dir='ltr'>quo</span> <span class='ocrx_word' id='word_1_66' title='bbox 642 2472 730 2516; x_wconf 90' lang='lat' dir='ltr'>nunc</span> <span class='ocrx_word' id='word_1_67' title='bbox 752 2451 919 2537; x_wconf 89' lang='lat' dir='ltr'>loquimur</span> <span class='ocrx_word' id='word_1_68' title='bbox 941 2472 1008 2517; x_wconf 92' lang='lat' dir='ltr'>non</span> <span class='ocrx_word' id='word_1_69' title='bbox 1033 2458 1274 2539; x_wconf 79' lang='lat' dir='ltr'>praetereamus,</span> <span class='ocrx_word' id='word_1_70' title='bbox 1301 2450 1444 2519; x_wconf 90' lang='lat' dir='ltr'>hominis</span> <span class='ocrx_word' id='word_1_71' title='bbox 1468 2476 1541 2540; x_wconf 88' lang='lat' dir='ltr'>pcr-</span> 
     </span>
     <span class='ocr_line' id='line_1_12' title="bbox 315 2550 1542 2667; baseline 0.003 -50"><span class='ocrx_word' id='word_1_72' title='bbox 315 2550 438 2667; x_wconf 55' lang='lat' dir='ltr'>ffi</span> <span class='ocrx_word' id='word_1_73' title='bbox 488 2574 570 2618; x_wconf 88' lang='lat' dir='ltr'>sona</span> <span class='ocrx_word' id='word_1_74' title='bbox 591 2558 663 2620; x_wconf 87' lang='lat' dir='ltr'>crat</span> <span class='ocrx_word' id='word_1_75' title='bbox 685 2553 923 2636; x_wconf 87' lang='lat' dir='ltr'>decentissima,</span> <span class='ocrx_word' id='word_1_76' title='bbox 946 2554 1095 2621; x_wconf 83' lang='lat' dir='ltr'>discrctae</span> <span class='ocrx_word' id='word_1_77' title='bbox 1117 2554 1334 2641; x_wconf 83' lang='lat' dir='ltr'>proceritatis,</span> <span class='ocrx_word' id='word_1_78' title='bbox 1358 2554 1484 2642; x_wconf 88' lang='lat' dir='ltr'>capillis</span> <span class='ocrx_word' id='word_1_79' title='bbox 1506 2562 1542 2621; x_wconf 91' lang='lat' dir='ltr'>et</span> 
     </span>
     <span class='ocr_line' id='line_1_13' title="bbox 486 2655 1539 2745; baseline 0.004 -26"><span class='ocrx_word' id='word_1_80' title='bbox 486 2655 591 2721; x_wconf 85' lang='lat' dir='ltr'>barba</span> <span class='ocrx_word' id='word_1_81' title='bbox 615 2655 737 2723; x_wconf 87' lang='lat' dir='ltr'>canitic</span> <span class='ocrx_word' id='word_1_82' title='bbox 758 2656 899 2745; x_wconf 87' lang='lat' dir='ltr'>insignis</span> <span class='ocrx_word' id='word_1_83' title='bbox 922 2658 1035 2738; x_wconf 84' lang='lat' dir='ltr'>lactea,</span> <span class='ocrx_word' id='word_1_84' title='bbox 1058 2657 1139 2724; x_wconf 83' lang='lat' dir='ltr'>facie</span> <span class='ocrx_word' id='word_1_85' title='bbox 1165 2658 1263 2745; x_wconf 89' lang='lat' dir='ltr'>plena</span> <span class='ocrx_word' id='word_1_86' title='bbox 1284 2662 1319 2722; x_wconf 88' lang='lat' dir='ltr'>et</span> <span class='ocrx_word' id='word_1_87' title='bbox 1342 2662 1417 2723; x_wconf 89' lang='lat' dir='ltr'>cute</span> <span class='ocrx_word' id='word_1_88' title='bbox 1437 2680 1539 2735; x_wconf 84' lang='lat' dir='ltr'>rosea,</span> 
     </span>
     <span class='ocr_line' id='line_1_14' title="bbox 484 2759 1539 2847; baseline 0.003 -25"><span class='ocrx_word' id='word_1_89' title='bbox 484 2759 638 2825; x_wconf 86' lang='lat' dir='ltr'>manibus</span> <span class='ocrx_word' id='word_1_90' title='bbox 653 2760 772 2825; x_wconf 74' lang='lat' dir='ltr'>mamis</span> <span class='ocrx_word' id='word_1_91' title='bbox 786 2764 822 2825; x_wconf 87' lang='lat' dir='ltr'>ct</span> <span class='ocrx_word' id='word_1_92' title='bbox 843 2759 957 2839; x_wconf 85' lang='lat' dir='ltr'>niveis,</span> <span class='ocrx_word' id='word_1_93' title='bbox 981 2760 1090 2847; x_wconf 86' lang='lat' dir='ltr'>longis</span> <span class='ocrx_word' id='word_1_94' title='bbox 1112 2780 1241 2847; x_wconf 89' lang='lat' dir='ltr'>quoque</span> <span class='ocrx_word' id='word_1_95' title='bbox 1263 2759 1539 2826; x_wconf 73' lang='lat' dir='ltr'>interlucentibus</span> 
     </span>
     <span class='ocr_line' id='line_1_15' title="bbox 483 2860 1539 2951; baseline 0.001 -25"><span class='ocrx_word' id='word_1_96' title='bbox 483 2860 620 2949; x_wconf 82' lang='lat' dir='ltr'>digitis3</span> <span class='ocrx_word' id='word_1_97' title='bbox 641 2861 769 2950; x_wconf 85' lang='lat' dir='ltr'>reliquo</span> <span class='ocrx_word' id='word_1_98' title='bbox 779 2882 912 2951; x_wconf 86' lang='lat' dir='ltr'>corpore</span> <span class='ocrx_word' id='word_1_99' title='bbox 926 2866 999 2929; x_wconf 91' lang='lat' dir='ltr'>toto</span> <span class='ocrx_word' id='word_1_100' title='bbox 1014 2863 1189 2950; x_wconf 85' lang='lat' dir='ltr'>integeret</span> <span class='ocrx_word' id='word_1_101' title='bbox 1202 2861 1312 2950; x_wconf 84' lang='lat' dir='ltr'>regius</span> <span class='ocrx_word' id='word_1_102' title='bbox 1326 2860 1425 2928; x_wconf 93' lang='lat' dir='ltr'>homo</span> <span class='ocrx_word' id='word_1_103' title='bbox 1437 2885 1446 2940; x_wconf 90' lang='lat'><strong>;</strong></span> <span class='ocrx_word' id='word_1_104' title='bbox 1463 2882 1539 2928; x_wconf 94' lang='lat' dir='ltr'>con-</span> 
     </span>
     <span class='ocr_line' id='line_1_16' title="bbox 483 2964 1537 3053; baseline -0.001 -22"><span class='ocrx_word' id='word_1_105' title='bbox 483 2966 580 3032; x_wconf 87' lang='lat' dir='ltr'>tinua</span> <span class='ocrx_word' id='word_1_106' title='bbox 609 2967 775 3053; x_wconf 88' lang='lat' dir='ltr'>gravitate</span> <span class='ocrx_word' id='word_1_107' title='bbox 799 2967 968 3046; x_wconf 90' lang='lat' dir='ltr'>iocundus‚</span> <span class='ocrx_word' id='word_1_108' title='bbox 1004 2965 1204 3032; x_wconf 89' lang='lat' dir='ltr'>humilitatis</span> <span class='ocrx_word' id='word_1_109' title='bbox 1224 2964 1379 3030; x_wconf 87' lang='lat' dir='ltr'>inccdens</span> <span class='ocrx_word' id='word_1_110' title='bbox 1400 2965 1537 3043; x_wconf 66' lang='lat' dir='ltr'>nisibus</span> 
     </span>
     <span class='ocr_line' id='line_1_17' title="bbox 482 3066 1537 3156; baseline -0.002 -22"><span class='ocrx_word' id='word_1_111' title='bbox 482 3067 680 3156; x_wconf 71' lang='lat' dir='ltr'>gratissimae</span> <span class='ocrx_word' id='word_1_112' title='bbox 701 3091 777 3134; x_wconf 93' lang='lat' dir='ltr'>cum</span> <span class='ocrx_word' id='word_1_113' title='bbox 803 3067 920 3156; x_wconf 86' lang='lat' dir='ltr'>quovis</span> <span class='ocrx_word' id='word_1_114' title='bbox 943 3067 1158 3134; x_wconf 80' lang='lat' dir='ltr'>affabilitatis</span> <span class='ocrx_word' id='word_1_115' title='bbox 1220 3066 1257 3132; x_wconf 80' lang='lat' dir='ltr'>si</span> <span class='ocrx_word' id='word_1_116' title='bbox 1283 3068 1370 3132; x_wconf 88' lang='lat' dir='ltr'>ratio</span> <span class='ocrx_word' id='word_1_117' title='bbox 1394 3067 1537 3154; x_wconf 78' lang='lat' dir='ltr'>aliquem</span> 
     </span>
     <span class='ocr_line' id='line_1_18' title="bbox 482 3168 1537 3249; baseline -0.001 -13"><span class='ocrx_word' id='word_1_118' title='bbox 482 3171 658 3238; x_wconf 73' lang='lat' dir='ltr'>meditaret</span> <span class='ocrx_word' id='word_1_119' title='bbox 694 3171 797 3237; x_wconf 87' lang='lat' dir='ltr'>animi</span> <span class='ocrx_word' id='word_1_120' title='bbox 834 3176 971 3249; x_wconf 93' lang='lat' dir='ltr'>motum,</span> <span class='ocrx_word' id='word_1_121' title='bbox 1010 3169 1134 3236; x_wconf 91' lang='lat' dir='ltr'>leonini</span> <span class='ocrx_word' id='word_1_122' title='bbox 1168 3168 1344 3235; x_wconf 81' lang='lat' dir='ltr'>videbatur</span> <span class='ocrx_word' id='word_1_123' title='bbox 1381 3171 1537 3249; x_wconf 79' lang='lat' dir='ltr'>terroris3</span> 
     </span>
     <span class='ocr_line' id='line_1_19' title="bbox 481 3271 1537 3361; baseline -0.001 -22"><span class='ocrx_word' id='word_1_124' title='bbox 481 3273 567 3339; x_wconf 90' lang='lat' dir='ltr'>iram</span> <span class='ocrx_word' id='word_1_125' title='bbox 592 3279 706 3339; x_wconf 88' lang='lat' dir='ltr'>tamen</span> <span class='ocrx_word' id='word_1_126' title='bbox 731 3295 800 3339; x_wconf 92' lang='lat' dir='ltr'>non</span> <span class='ocrx_word' id='word_1_127' title='bbox 822 3272 985 3361; x_wconf 88' lang='lat' dir='ltr'>prodebat</span> <span class='ocrx_word' id='word_1_128' title='bbox 1000 3271 1126 3360; x_wconf 88' lang='lat' dir='ltr'>iurgiis.</span> <span class='ocrx_word' id='word_1_129' title='bbox 1174 3271 1313 3339; x_wconf 80' lang='lat' dir='ltr'>Cunctis</span> <span class='ocrx_word' id='word_1_130' title='bbox 1328 3273 1537 3358; x_wconf 87' lang='lat' dir='ltr'>poscentibus</span> 
     </span>
     <span class='ocr_line' id='line_1_20' title="bbox 482 3373 1536 3464; baseline -0.002 -22"><span class='ocrx_word' id='word_1_131' title='bbox 482 3381 542 3442; x_wconf 85' lang='lat' dir='ltr'>aut</span> <span class='ocrx_word' id='word_1_132' title='bbox 555 3376 699 3464; x_wconf 83' lang='lat' dir='ltr'>benigne</span> <span class='ocrx_word' id='word_1_133' title='bbox 726 3375 831 3458; x_wconf 86' lang='lat' dir='ltr'>daret,</span> <span class='ocrx_word' id='word_1_134' title='bbox 858 3379 920 3441; x_wconf 90' lang='lat' dir='ltr'>aut</span> <span class='ocrx_word' id='word_1_135' title='bbox 946 3374 1090 3462; x_wconf 88' lang='lat' dir='ltr'>benigne</span> <span class='ocrx_word' id='word_1_136' title='bbox 1112 3379 1273 3461; x_wconf 81' lang='lat' dir='ltr'>negaret3</span> <span class='ocrx_word' id='word_1_137' title='bbox 1296 3375 1346 3439; x_wconf 90' lang='lat' dir='ltr'>ita</span> <span class='ocrx_word' id='word_1_138' title='bbox 1370 3373 1472 3439; x_wconf 88' lang='lat' dir='ltr'>etiam</span> <span class='ocrx_word' id='word_1_139' title='bbox 1498 3381 1536 3440; x_wconf 91' lang='lat' dir='ltr'>ut</span> 
     </span>
     <span class='ocr_line' id='line_1_21' title="bbox 480 3475 1537 3566; baseline -0.003 -22"><span class='ocrx_word' id='word_1_140' title='bbox 480 3477 627 3565; x_wconf 86' lang='lat' dir='ltr'>benigna</span> <span class='ocrx_word' id='word_1_141' title='bbox 655 3478 790 3566; x_wconf 85' lang='lat' dir='ltr'>negatio</span> <span class='ocrx_word' id='word_1_142' title='bbox 821 3478 968 3565; x_wconf 88' lang='lat' dir='ltr'>plurima</span> <span class='ocrx_word' id='word_1_143' title='bbox 998 3477 1169 3544; x_wconf 83' lang='lat' dir='ltr'>videretur·</span> <span class='ocrx_word' id='word_1_144' title='bbox 1197 3476 1337 3564; x_wconf 77' lang='lat' dir='ltr'>largitio.</span> <span class='ocrx_word' id='word_1_145' title='bbox 1397 3475 1441 3541; x_wconf 92' lang='lat' dir='ltr'>In</span> <span class='ocrx_word' id='word_1_146' title='bbox 1474 3477 1537 3542; x_wconf 80' lang='lat' dir='ltr'>fre-</span> 
     </span>
     <span class='ocr_line' id='line_1_22' title="bbox 481 3577 1539 3668; baseline -0.001 -23"><span class='ocrx_word' id='word_1_147' title='bbox 481 3580 620 3666; x_wconf 86' lang='lat' dir='ltr'>quentia</span> <span class='ocrx_word' id='word_1_148' title='bbox 644 3601 723 3646; x_wconf 87' lang='lat' dir='ltr'>vero</span> <span class='ocrx_word' id='word_1_149' title='bbox 754 3602 788 3646; x_wconf 87' lang='lat' dir='ltr'>se</span> <span class='ocrx_word' id='word_1_150' title='bbox 811 3601 922 3668; x_wconf 78' lang='lat' dir='ltr'>regem</span> <span class='ocrx_word' id='word_1_151' title='bbox 952 3583 987 3646; x_wconf 90' lang='lat' dir='ltr'>et</span> <span class='ocrx_word' id='word_1_152' title='bbox 1012 3579 1191 3657; x_wconf 90' lang='lat' dir='ltr'>dominum,</span> <span class='ocrx_word' id='word_1_153' title='bbox 1216 3577 1253 3643; x_wconf 93' lang='lat' dir='ltr'>in</span> <span class='ocrx_word' id='word_1_154' title='bbox 1276 3577 1418 3666; x_wconf 87' lang='lat' dir='ltr'>privato,</span> <span class='ocrx_word' id='word_1_155' title='bbox 1443 3579 1539 3644; x_wconf 83' lang='lat' dir='ltr'>salva</span> 
     </span>
     <span class='ocr_line' id='line_1_23' title="bbox 480 3681 1533 3769; baseline 0.002 -23"><span class='ocrx_word' id='word_1_156' title='bbox 480 3682 616 3769; x_wconf 87' lang='lat' dir='ltr'>quidem</span> <span class='ocrx_word' id='word_1_157' title='bbox 645 3683 737 3769; x_wconf 81' lang='lat' dir='ltr'>regia</span> <span class='ocrx_word' id='word_1_158' title='bbox 761 3681 944 3760; x_wconf 88' lang='lat' dir='ltr'>maiestate,</span> <span class='ocrx_word' id='word_1_159' title='bbox 971 3681 1092 3769; x_wconf 88' lang='lat' dir='ltr'>agebat</span> <span class='ocrx_word' id='word_1_160' title='bbox 1118 3703 1152 3747; x_wconf 86' lang='lat' dir='ltr'>se</span> <span class='ocrx_word' id='word_1_161' title='bbox 1178 3681 1247 3747; x_wconf 88' lang='lat' dir='ltr'>suis</span> <span class='ocrx_word' id='word_1_162' title='bbox 1272 3686 1312 3746; x_wconf 84' lang='lat' dir='ltr'>ut</span> <span class='ocrx_word' id='word_1_163' title='bbox 1341 3683 1533 3748; x_wconf 87' lang='lat' dir='ltr'>consocium</span> 
     </span>
     <span class='ocr_line' id='line_1_24' title="bbox 482 3783 1535 3873; baseline 0 -23"><span class='ocrx_word' id='word_1_164' title='bbox 482 3783 624 3851; x_wconf 82' lang='lat' dir='ltr'>Causam</span> <span class='ocrx_word' id='word_1_165' title='bbox 662 3784 727 3850; x_wconf 90' lang='lat' dir='ltr'>Dei</span> <span class='ocrx_word' id='word_1_166' title='bbox 758 3784 919 3873; x_wconf 88' lang='lat' dir='ltr'>episcopis</span> <span class='ocrx_word' id='word_1_167' title='bbox 952 3785 1020 3850; x_wconf 85' lang='lat' dir='ltr'>suis</span> <span class='ocrx_word' id='word_1_168' title='bbox 1058 3789 1092 3850; x_wconf 89' lang='lat' dir='ltr'>ct</span> <span class='ocrx_word' id='word_1_169' title='bbox 1132 3783 1202 3850; x_wconf 91' lang='lat' dir='ltr'>eius</span> <span class='ocrx_word' id='word_1_170' title='bbox 1238 3783 1415 3850; x_wconf 86' lang='lat' dir='ltr'>ministerii</span> <span class='ocrx_word' id='word_1_171' title='bbox 1453 3785 1535 3850; x_wconf 84' lang='lat' dir='ltr'>viris</span> 
     </span>
     <span class='ocr_line' id='line_1_25' title="bbox 480 3885 1533 3975; baseline 0.001 -23"><span class='ocrx_word' id='word_1_172' title='bbox 480 3886 661 3975; x_wconf 87' lang='lat' dir='ltr'>imponens,</span> <span class='ocrx_word' id='word_1_173' title='bbox 707 3886 864 3953; x_wconf 89' lang='lat' dir='ltr'>monebat</span> <span class='ocrx_word' id='word_1_174' title='bbox 902 3891 942 3952; x_wconf 90' lang='lat' dir='ltr'>ut</span> <span class='ocrx_word' id='word_1_175' title='bbox 990 3885 1169 3952; x_wconf 86' lang='lat' dir='ltr'>secundum</span> <span class='ocrx_word' id='word_1_176' title='bbox 1216 3885 1326 3951; x_wconf 90' lang='lat' dir='ltr'>Deum</span> <span class='ocrx_word' id='word_1_177' title='bbox 1378 3893 1533 3974; x_wconf 87' lang='lat' dir='ltr'>agerent;</span> 
     </span>
     <span class='ocr_line' id='line_1_26' title="bbox 479 3988 1534 4078; baseline -0.002 -22"><span class='ocrx_word' id='word_1_178' title='bbox 479 4011 610 4056; x_wconf 88' lang='lat' dir='ltr'>causam</span> <span class='ocrx_word' id='word_1_179' title='bbox 648 3989 758 4056; x_wconf 77' lang='lat' dir='ltr'>saculi</span> <span class='ocrx_word' id='word_1_180' title='bbox 794 3988 979 4056; x_wconf 81' lang='lat' dir='ltr'>iudiciariis</span> <span class='ocrx_word' id='word_1_181' title='bbox 1015 3988 1217 4078; x_wconf 85' lang='lat' dir='ltr'>principibus</span> <span class='ocrx_word' id='word_1_182' title='bbox 1255 3994 1290 4054; x_wconf 87' lang='lat' dir='ltr'>et</span> <span class='ocrx_word' id='word_1_183' title='bbox 1326 3989 1445 4076; x_wconf 89' lang='lat' dir='ltr'>palatii</span> <span class='ocrx_word' id='word_1_184' title='bbox 1482 3991 1534 4055; x_wconf 90' lang='lat' dir='ltr'>sui</span> 
     </span>
     <span class='ocr_line' id='line_1_27' title="bbox 478 4090 1533 4179; baseline 0 -21"><span class='ocrx_word' id='word_1_185' title='bbox 478 4091 659 4171; x_wconf 73' lang='lat' dir='ltr'>causidicis,</span> <span class='ocrx_word' id='word_1_186' title='bbox 682 4090 877 4179; x_wconf 77' lang='lat' dir='ltr'>praecipiens</span> <span class='ocrx_word' id='word_1_187' title='bbox 889 4096 931 4158; x_wconf 91' lang='lat' dir='ltr'>ut</span> <span class='ocrx_word' id='word_1_188' title='bbox 952 4091 1039 4156; x_wconf 84' lang='lat' dir='ltr'>iusto</span> <span class='ocrx_word' id='word_1_189' title='bbox 1061 4091 1293 4171; x_wconf 88' lang='lat' dir='ltr'>discernerent,</span> <span class='ocrx_word' id='word_1_190' title='bbox 1318 4091 1476 4178; x_wconf 80' lang='lat' dir='ltr'>quatinus</span> <span class='ocrx_word' id='word_1_191' title='bbox 1498 4098 1533 4158; x_wconf 87' lang='lat' dir='ltr'>et</span> 
     </span>
     <span class='ocr_line' id='line_1_28' title="bbox 477 4193 1530 4282; baseline -0.001 -22"><span class='ocrx_word' id='word_1_192' title='bbox 477 4195 628 4282; x_wconf 81' lang='lat' dir='ltr'>probitas</span> <span class='ocrx_word' id='word_1_193' title='bbox 648 4193 773 4281; x_wconf 86' lang='lat' dir='ltr'>regiam</span> <span class='ocrx_word' id='word_1_194' title='bbox 795 4193 1029 4272; x_wconf 85' lang='lat' dir='ltr'>defensionem,</span> <span class='ocrx_word' id='word_1_195' title='bbox 1045 4199 1080 4259; x_wconf 89' lang='lat' dir='ltr'>et</span> <span class='ocrx_word' id='word_1_196' title='bbox 1095 4193 1232 4271; x_wconf 87' lang='lat' dir='ltr'>malitia,</span> <span class='ocrx_word' id='word_1_197' title='bbox 1256 4193 1314 4260; x_wconf 91' lang='lat' dir='ltr'>ubi</span> <span class='ocrx_word' id='word_1_198' title='bbox 1337 4200 1530 4282; x_wconf 86' lang='lat' dir='ltr'>erumperet,</span> 
     </span>
     <span class='ocr_line' id='line_1_29' title="bbox 478 4295 1531 4383; baseline -0.002 -19"><span class='ocrx_word' id='word_1_199' title='bbox 478 4319 572 4364; x_wconf 90' lang='lat' dir='ltr'>suam</span> <span class='ocrx_word' id='word_1_200' title='bbox 609 4319 685 4364; x_wconf 91' lang='lat' dir='ltr'>cum</span> <span class='ocrx_word' id='word_1_201' title='bbox 722 4297 880 4383; x_wconf 82' lang='lat' dir='ltr'>aequitate</span> <span class='ocrx_word' id='word_1_202' title='bbox 922 4295 1060 4362; x_wconf 87' lang='lat' dir='ltr'>haberet</span> <span class='ocrx_word' id='word_1_203' title='bbox 1105 4297 1358 4362; x_wconf 74' lang='lat' dir='ltr'>damnationem</span> <span class='ocrx_word' id='word_1_204' title='bbox 1428 4297 1531 4383; x_wconf 84' lang='lat' dir='ltr'>Leges</span> 
     </span>
     <span class='ocr_line' id='line_1_30' title="bbox 477 4399 1530 4488; baseline -0.002 -22"><span class='ocrx_word' id='word_1_205' title='bbox 477 4401 608 4488; x_wconf 85' lang='lat' dir='ltr'>iniquas</span> <span class='ocrx_word' id='word_1_206' title='bbox 645 4401 797 4480; x_wconf 85' lang='lat' dir='ltr'>evellens,</span> <span class='ocrx_word' id='word_1_207' title='bbox 844 4401 949 4466; x_wconf 86' lang='lat' dir='ltr'>iustas</span> <span class='ocrx_word' id='word_1_208' title='bbox 998 4399 1141 4486; x_wconf 87' lang='lat' dir='ltr'>sapienti</span> <span class='ocrx_word' id='word_1_209' title='bbox 1189 4399 1325 4466; x_wconf 90' lang='lat' dir='ltr'>consilio</span> <span class='ocrx_word' id='word_1_210' title='bbox 1371 4405 1530 4480; x_wconf 85' lang='lat' dir='ltr'>statuens,</span> 
     </span>
     <span class='ocr_line' id='line_1_31' title="bbox 478 4501 1531 4589; baseline -0.001 -21"><span class='ocrx_word' id='word_1_211' title='bbox 478 4525 609 4570; x_wconf 88' lang='lat' dir='ltr'>omnem</span> <span class='ocrx_word' id='word_1_212' title='bbox 635 4503 862 4569; x_wconf 79' lang='lat' dir='ltr'>Brittanniam</span> <span class='ocrx_word' id='word_1_213' title='bbox 887 4501 1083 4580; x_wconf 70' lang='lat' dir='ltr'>laetificavit,</span> <span class='ocrx_word' id='word_1_214' title='bbox 1114 4503 1167 4568; x_wconf 90' lang='lat' dir='ltr'>cui</span> <span class='ocrx_word' id='word_1_215' title='bbox 1190 4525 1234 4568; x_wconf 83' lang='lat' dir='ltr'>ex</span> <span class='ocrx_word' id='word_1_216' title='bbox 1263 4501 1329 4568; x_wconf 88' lang='lat' dir='ltr'>Dci</span> <span class='ocrx_word' id='word_1_217' title='bbox 1357 4503 1467 4589; x_wconf 82' lang='lat' dir='ltr'>gratia</span> <span class='ocrx_word' id='word_1_218' title='bbox 1496 4509 1531 4567; x_wconf 90' lang='lat' dir='ltr'>et</span> 
     </span>
     <span class='ocr_line' id='line_1_32' title="bbox 477 4603 1531 4692; baseline -0.003 -21"><span class='ocrx_word' id='word_1_219' title='bbox 477 4605 677 4672; x_wconf 85' lang='lat' dir='ltr'>hereditario</span> <span class='ocrx_word' id='word_1_220' title='bbox 708 4605 780 4670; x_wconf 87' lang='lat' dir='ltr'>iure</span> <span class='ocrx_word' id='word_1_221' title='bbox 806 4604 881 4692; x_wconf 90' lang='lat' dir='ltr'>pius</span> <span class='ocrx_word' id='word_1_222' title='bbox 911 4626 972 4671; x_wconf 84' lang='lat' dir='ltr'>rex</span> <span class='ocrx_word' id='word_1_223' title='bbox 1000 4605 1163 4692; x_wconf 66' lang='lat' dir='ltr'>praesedit.</span> <span class='ocrx_word' id='word_1_224' title='bbox 1224 4605 1267 4672; x_wconf 91' lang='lat' dir='ltr'>In</span> <span class='ocrx_word' id='word_1_225' title='bbox 1296 4604 1348 4670; x_wconf 88' lang='lat' dir='ltr'>his</span> <span class='ocrx_word' id='word_1_226' title='bbox 1378 4603 1531 4671; x_wconf 87' lang='lat' dir='ltr'>omnibus</span> 
     </span>
    </p>
   </div>
   <div class='ocr_carea' id='block_1_8' title="bbox 307 4679 1528 4802">
    <p class='ocr_par' dir='ltr' id='par_1_8' title="bbox 307 4679 1528 4802">
     <span class='ocr_line' id='line_1_33' title="bbox 307 4679 1528 4802; baseline -0.006 -23"><span class='ocrx_word' id='word_1_227' title='bbox 307 4679 424 4799; x_wconf 37' lang='lat' dir='ltr'>gille&amp;</span> <span class='ocrx_word' id='word_1_228' title='bbox 479 4709 534 4774; x_wconf 86' lang='lat' dir='ltr'>vir</span> <span class='ocrx_word' id='word_1_229' title='bbox 546 4709 663 4774; x_wconf 87' lang='lat' dir='ltr'>beatus</span> <span class='ocrx_word' id='word_1_230' title='bbox 677 4709 714 4774; x_wconf 91' lang='lat' dir='ltr'>in</span> <span class='ocrx_word' id='word_1_231' title='bbox 728 4707 869 4796; x_wconf 87' lang='lat' dir='ltr'>gloriam</span> <span class='ocrx_word' id='word_1_232' title='bbox 891 4729 961 4802; x_wconf 81' lang='lat' dir='ltr'>non</span> <span class='ocrx_word' id='word_1_233' title='bbox 986 4708 1094 4775; x_wconf 84' lang='lat' dir='ltr'>elatus</span> <span class='ocrx_word' id='word_1_234' title='bbox 1115 4707 1305 4789; x_wconf 84' lang='lat' dir='ltr'>humanam,</span> <span class='ocrx_word' id='word_1_235' title='bbox 1326 4707 1383 4774; x_wconf 88' lang='lat' dir='ltr'>sed</span> <span class='ocrx_word' id='word_1_236' title='bbox 1408 4706 1473 4773; x_wconf 90' lang='lat' dir='ltr'>Dei</span> <span class='ocrx_word' id='word_1_237' title='bbox 1493 4707 1528 4772; x_wconf 89' lang='lat' dir='ltr'>in</span> 
     </span>
    </p>
   </div>
   <div class='ocr_carea' id='block_1_9' title="bbox 0 0 1788 5800">
    <p class='ocr_par' dir='ltr' id='par_1_9' title="bbox 0 0 1788 5800">
     <span class='ocr_line' id='line_1_34' title="bbox 0 0 1788 5800; baseline 0 1"><span class='ocrx_word' id='word_1_238' title='bbox 0 0 1788 5800; x_wconf 95' lang='lat' dir='ltr'> </span> 
     </span>
    </p>
   </div>
  </div>
 </body>
</html>
