3567 5800
334 1732 367 1781 *Ρ

497 857 520 918 8
755 866 823 917 mc.
845 866 893 916 nn
915 867 1050 923 CIRENC.
1073 870 1165 923 SPEC.
1185 872 1274 925 mer.

497 1052 571 1119 aliis
595 1053 762 1120 nobilibus
783 1056 928 1144 regionis
951 1057 1090 1124 litterali
1113 1058 1258 1127 scientias
1283 1060 1467 1147 epplieatns
1494 1064 1543 1127 est

499 1155 656 1243 diligenti
692 1178 772 1223 eure
807 1161 965 1245 parentis,
995 1166 1042 1241 ut,
1082 1166 1259 1249 antequem
1289 1164 1415 1251 [eptas]
1449 1164 1544 1229 rebus

498 1259 718 1429 prrprpprneipmet
747 1263 876 1383 artibus
907 1265 996 1332 vires
1027 1264 1172 1343 heberet
1203 1266 1395 1333 liberalibus
1431 1267 1546 1333 studiis

334 1648 461 1701 mm
506 1623 759 1693 commemo.
818 1626 870 1694 De
891 1626 1046 1695 oloribus
1069 1634 1099 1695 et
1120 1628 1295 1717 sapientiis
1316 1628 1442 1717 mysi
1462 1626 1549 1715 repis

826 1729 967 1818 Alfrodt
988 1730 1058 1797 sivo
1080 1730 1238 1798 Aleredi.

425 1887 452 1967 2'
552 1896 630 1961 Rnx
661 1894 814 1961 Alfredus
845 1897 916 1961 sive
946 1896 1112 1963 Aluredus
1149 1898 1290 1964 eulmine
1319 1896 1421 1985 regeli
1453 1896 1552 1962 subli-

336 2008 461 2077 uumility.
506 2004 617 2065 metus
639 1997 811 2064 sublimior
831 1998 992 2078 omnibns,
1016 2000 1122 2066 lectus
1144 2005 1194 2065 est
1216 1998 1364 2065 omnium
1387 2020 1500 2065 servus
1514 2004 1551 2064 ut

505 2106 615 2189 posset
629 2100 736 2166 dioere
758 2122 834 2165 enm
858 2101 1055 2189 prophetu¹:
1090 2102 1296 2169 “Exultatus
1318 2106 1430 2167 entem
1444 2100 1552 2166 humi-

504 2204 607 2269 liatus
632 2224 705 2268 sum
733 2208 768 2268 et
791 2203 973 2269 confusus”
1029 2205 1085 2270 Its
1110 2204 1206 2271 bonis
1230 2204 1413 2282 amabilem,
1443 2203 1551 2291 impiis

504 2304 696 2384 terribilem,
734 2305 944 2372 eeclesiarum
981 2308 1141 2375 ministris
1169 2308 1339 2396 pavidum,
1369 2306 1483 2373 amicis
1520 2313 1552 2372 et

505 2410 600 2475 soeiis
628 2407 814 2487 iocundum,
837 2410 1036 2496 pauperibus
1058 2412 1174 2477 mitem
1198 2416 1232 2477 et
1253 2410 1381 2497 largum
1411 2410 1553 2496 seipsum

504 2509 666 2588 exhibuit,
697 2513 736 2575 ut
765 2511 935 2577 videretur
964 2514 1111 2578 omnium
1140 2514 1313 2579 hominum
1342 2512 1490 2578 moribus
1518 2532 1554 2576 ae

504 2618 633 2679 naturae
655 2634 841 2699 oongruere,
875 2614 1028 2680 omnibus
1056 2614 1149 2679 utilis
1178 2637 1217 2680 ao
1246 2617 1447 2681 necessarius
1478 2636 1551 2693 eme,

505 2722 548 2795 et,
564 2715 654 2802 quod
675 2737 749 2780 raro
771 2736 860 2780 nune
881 2715 1054 2782 invenitur
1074 2717 1111 2781 in
1133 2717 1237 2795 terris,
1260 2716 1353 2781 illem
1374 2715 1553 2781 maximum

507 2817 677 2907 [eredidit]
700 2817 786 2905 regis
809 2816 1008 2906 dignitatem
1031 2818 1067 2883 in
1090 2819 1233 2885 eeclesiis
1263 2818 1388 2885 Christi
1425 2818 1552 2885 nullam

505 2923 625 2988 habere
640 2925 847 3008 potestatem
893 2921 989 2986 “Ille
1011 2921 1091 3002 est,”
1112 2923 1231 3010 inquit,
1250 2931 1364 2988 “vere
1385 2923 1553 3009 regnantis

505 3024 659 3112 dignitas,
682 3022 711 3088 si
742 3044 777 3089 se
805 3022 844 3087 in
864 3045 966 3111 regno
990 3023 1125 3106 Christi,
1149 3048 1223 3112 quse
1246 3030 1297 3091 est
1320 3025 1463 3104 eeclesia,
1487 3047 1552 3090 non

505 3146 616 3212 regem
659 3122 717 3188 sed
754 3121 859 3187 oivem
897 3128 1091 3209 oognoseet3
1136 3124 1165 3189 si
1202 3145 1269 3188 non
1305 3123 1343 3188 in
1379 3123 1555 3189 saoerdotis

506 3228 634 3314 legibus
664 3225 861 3305 dominetur,
897 3225 954 3290 sed
985 3225 1110 3292 Christi
1140 3225 1275 3313 legibus,
1307 3248 1388 3312 quas
1414 3226 1554 3313 promul·

507 3333 672 3417 gaverunt
716 3328 909 3406 saeerdotes,
947 3327 1119 3394 humiliter
1163 3327 1375 3394 subiciatur.”
1453 3329 1554 3394 Porro

508 3429 721 3498 Constantini
743 3429 884 3517 piissimi
905 3430 1112 3517 imperatoris
1135 3429 1331 3496 imitebetur
1359 3431 1554 3518 exemplum,

507 3534 565 3620 qui
602 3554 677 3598 eum
714 3530 790 3598 urbi
826 3531 1011 3619 praefirisset
1045 3537 1079 3598 et
1113 3532 1194 3614 orbi,
1226 3532 1269 3598 ed
1300 3531 1425 3600 Christi
1457 3533 1553 3599 fidem

507 3655 683 3702 eonversus
705 3638 836 3699 tentam
869 3634 1091 3701 sacerdotibus
1125 3635 1304 3702 exhibebat
1326 3636 1553 3714 reverentiam,

507 3744 547 3805 ut
571 3759 647 3803 oum
669 3735 811 3810 adeum
835 3735 938 3821 eliqui
960 3737 1102 3824 episcopi
1132 3737 1269 3824 scriptas
1292 3737 1426 3803 curtulis
1447 3737 1556 3824 queri·

507 3839 634 3907 moniss
655 3837 812 3903 adversus
833 3837 977 3903 invicem
1000 3837 1203 3920 detulissent,
1226 3839 1424 3906 convolvens
1446 3861 1503 3906 ees
1521 3839 1556 3904 in

507 3945 583 4009 sinu
603 3939 737 4006 iusserit
758 3939 831 4027 igni
852 3941 1010 4022 eonsumi,
1039 3941 1147 4006 “Non
1162 3947 1214 4007 est
1234 3941 1372 4024 meum,”
1394 3941 1553 4029 inquiens,

510 4055 528 4083 “
543 4047 585 4112 de
632 4041 857 4110 sacerdotibus
911 4041 1103 4108 iudieare”:
1150 4065 1334 4130 voeensque
1379 4045 1553 4132 episcopos,

509 4158 527 4186 “
543 4141 778 4225 sanemini?
807 4143 928 4231 inquit,
964 4153 982 4180 ‘¹
996 4149 1114 4232 patres,
1139 4145 1242 4211 nolite
1271 4145 1392 4212 iudieio
1422 4153 1554 4214 eonten-

506 4253 606 4331 dere;
636 4247 818 4337 praesertim
841 4246 930 4333 epud
951 4269 1020 4327 nos,
1036 4247 1077 4312 de
1099 4269 1239 4334 quorum
1261 4248 1424 4314 erratibus
1446 4255 1555 4315 vestre

506 4357 645 4420 interest
671 4349 821 4416 iudicare.
878 4348 945 4414 Sed
971 4347 999 4412 si
1026 4349 1106 4435 quid
1128 4350 1217 4415 inter
1239 4372 1299 4416 vos
1323 4355 1433 4416 ortum
1457 4350 1554 4418 fuerit

507 4453 708 4542 quaestionis,
737 4450 882 4517 modeste
920 4455 1080 4516 tractetur
1110 4451 1307 4532 insederis,
1334 4475 1392 4519 neo
1422 4453 1553 4540 aliquid,
