3567 5800
495 849 536 910 14
754 867 818 917 mo.
842 867 889 918 nr
912 869 1046 922 cremis.
1069 871 1161 923 seue.
1185 871 1272 926 mss.

492 1048 650 1148 illamque
672 1052 715 1118 ub
738 1055 886 1122 exercitu
907 1077 968 1122 suo
993 1059 1099 1124 colere
1123 1059 1211 1126 feeit
1259 1059 1350 1128 lunc
1373 1080 1433 1127 rex
1458 1062 1545 1127 eius-

493 1151 566 1216 dem
585 1155 764 1240 provineiae
787 1157 924 1240 Riesius,
943 1165 1053 1226 tactus
1075 1161 1186 1228 dolore
1208 1164 1315 1229 cordis
1336 1165 1543 1246 intrinsecus,

492 1255 580 1322 diem
603 1257 721 1326 elsusit
743 1267 939 1330 extremum.
987 1263 1052 1332 Cui
1073 1267 1228 1334 suecessit
1252 1268 1427 1357 Egbcrtus

321 1699 400 1752 Aner

400 1739 407 1764 Ι

321 1767 477 1887 fffflffd·
515 1785 763 1855 somnusue
820 1789 873 1854 De
895 1809 986 1855 hooc
1008 1791 1197 1857 Dcoorusm
1217 1787 1415 1876 mrmtphffl
1369 1787 1375 1804 ·
1415 1788 1508 1855 tim

319 1900 434 1964 Wesnn„

320 1966 354 2017 A·
366 1969 399 2020 D.
409 1973 465 2024 ⁸⁷⁷·
534 1989 569 2053 N
571 2005 730 2056 Erasmus
755 2013 958 2078 paganorum
972 1991 1117 2057 acervus¹
1143 1993 1289 2057 instante
1311 1996 1457 2077 tempore
1478 2013 1539 2055 au-

489 2092 630 2157 tumnali
645 2093 767 2178 partim
784 2094 822 2158 in
839 2094 983 2160 Exoria²
1014 2093 1146 2174 resedit,
1161 2098 1281 2181 etpars
1301 2095 1371 2160 cius
1380 2093 1536 2158 Mereiam

487 2195 674 2278 praedetura
699 2197 840 2262 recessit
899 2197 1074 2263 Crescebat
1097 2197 1232 2283 insuper
1257 2197 1373 2262 diebus
1398 2196 1537 2283 singulis

486 2315 711 2380 perversorum
735 2320 901 2380 numerus,
925 2301 1006 2364 adeo
1037 2300 1171 2386 quidem
1197 2305 1238 2364 ut
1268 2300 1297 2364 si
1322 2299 1463 2385 triginta
1491 2320 1537 2363 ex

485 2397 532 2462 eis
555 2399 649 2466 milia
674 2421 741 2466 uns
763 2402 816 2468 die
842 2408 1048 2479 necarentur,
1075 2402 1133 2467 alii
1158 2401 1377 2468 succedebant
1399 2419 1536 2466 numero

486 2499 662 2587 duplicato.
708 2503 800 2570 Tunc
837 2526 900 2570 rex
935 2503 1090 2571 Aliredus
1127 2504 1198 2571 sive
1234 2503 1403 2570 Aluredus
1437 2504 1537 2570 iussit

373 2682 378 2693 Ι
486 2603 600 2688 cyulss
629 2609 664 2670 et
700 2605 836 2693 galerus,
863 2607 900 2671 id
928 2612 980 2672 est
1009 2607 1127 2693 longus
1154 2628 1267 2685 naves,
1296 2605 1450 2672 fabricari
1476 2627 1537 2692 per

483 2729 630 2792 regnum,
657 2713 697 2774 ut
725 2708 839 2774 navali
867 2709 984 2796 proelio
1014 2709 1163 2776 hostibus
1192 2709 1448 2774 advenientibus
1475 2709 1534 2774 ob-

482 2809 610 2890 viaret;
630 2810 849 2897 inpositisque
873 2811 992 2896 piratis
1014 2811 1053 2876 in
1078 2811 1144 2876 illis
1169 2811 1243 2876 vias
1268 2811 1371 2876 maris
1392 2811 1536 2876 custodi-

482 2914 583 2979 eudas
627 2913 799 2979 commisit.
869 2914 945 3001 Ipse
987 2936 1066 2979 vero
1103 2914 1280 2995 Exoniam,
1317 2914 1377 2980 ubi
1412 2916 1531 3002 pagani

482 3014 682 3096 hiemabant,
707 3016 870 3083 hostiliter
896 3038 1074 3103 properans
1100 3016 1167 3083 illis
1196 3016 1332 3083 inclusis
1361 3017 1533 3083 civitatem

481 3118 617 3185 obsedit.
678 3119 801 3185 Nautis
832 3140 962 3206 quoque
992 3120 1060 3185 suis
1090 3119 1273 3199 mandavit,
1302 3124 1344 3185 ut
1372 3120 1410 3185 in
1438 3124 1533 3206 parte

481 3220 573 3287 freti⁸
602 3221 707 3289 vitulo
737 3221 888 3287 hostibus
919 3220 1104 3287 subsidium
1127 3220 1336 3312 denegarent
1382 3221 1532 3307 Cumque

480 3328 592 3391 nautae
607 3346 649 3389 ex
663 3330 825 3411 praecepto
839 3324 926 3411 regis
940 3322 1026 3389 illud
1039 3344 1167 3389 summo
1189 3344 1286 3410 opere
1306 3330 1532 3411 properarent,

480 3431 690 3491 occurrerunt
715 3432 848 3493 centurn
874 3426 997 3513 viginti
1027 3447 1130 3491 naves
1155 3431 1361 3492 armatorum
1384 3426 1532 3492 militum

479 3535 632 3608 oneratae,
663 3549 737 3614 quoe
767 3550 879 3595 omnes
908 3528 947 3594 in
975 3528 1137 3593 auxilium
1173 3546 1308 3593 suorum
1344 3528 1530 3595 concivium

478 3629 692 3695 advenerunt.
762 3630 852 3710 Quas
897 3652 971 3696 cum
1009 3630 1148 3717 paganis
1184 3630 1354 3726 militibus!
1385 3630 1531 3695 ministri

477 3732 563 3817 regis
581 3732 808 3819 cognovissent
830 3733 982 3820 repletas,
1002 3732 1046 3797 sd
1068 3754 1160 3797 arma
1181 3732 1357 3818 prosiliunt
1379 3739 1414 3799 et
1434 3732 1531 3797 viril-

476 3833 541 3899 iter
562 3835 721 3900 barbaras
746 3834 899 3901 nationes
919 3834 1104 3900 invadunt
1150 3833 1278 3921 Pagani
1304 3856 1444 3922 quoque,
1470 3836 1531 3921 qui

475 3936 541 4003 iam
568 3936 718 4025 fereper
743 3958 887 4003 mensem
915 3936 1150 4003 intertinctus
1178 3936 1288 4024 pelagi
1317 3936 1529 4025 naufragium

475 4040 695 4127 pertulissent,
727 4040 895 4105 inutiliter
930 4038 1085 4126 proelium
1121 4038 1347 4122 reddiderunt,
1386 4062 1461 4105 cum
1490 4042 1526 4105 in

475 4148 640 4209 momento
659 4142 846 4230 sgminibus
875 4163 988 4208 eorum
1013 4140 1165 4207 laceratis
1190 4142 1228 4205 in
1249 4141 1329 4221 loco,
1354 4143 1412 4228 qui
1434 4140 1530 4209 Sua·

474 4247 578 4312 newic
600 4246 730 4326 dicitur,
754 4244 852 4311 undis
875 4244 1037 4309 submersi
1058 4264 1171 4309 omnes
1193 4243 1318 4330 pariter
1339 4244 1519 4331 perienmt

509 4555 639 4628 1ιιιίνυιιε]
653 4562 782 4616 acerimus.
790 4560 847 4613 MS.
870 4561 974 4612 Butaee
1025 4558 1218 4621 Baream
1256 4556 1402 4609 Britannice
1442 4565 1530 4608 autem

473 4646 610 4694 nanim.
1025 4640 1102 4690 enirn.
1136 4638 1169 4688 In
1187 4636 1425 4702 Auer‚pege41.”
1457 4636 1530 4688 Note

506 4720 592 4772 ²“Ut
630 4720 778 4771 Alexander
819 4718 975 4771 Essebimsis
1024 4716 1313 4769 iuhsndoflttheent

472 4798 548 4851 habet
573 4800 708 4859 oronim,
733 4800 769 4849 sic
793 4798 872 4851 Aeser
898 4798 975 4850 habet
1059 4798 1156 4864 Ἰνώ]
1170 4796 1269 4858 Aaou
1285 4796 1348 4859 fieri,
1359 4794 1415 4848 ΜΒ.
