3567 5800
437 910 484 957 nn
505 908 623 959 enarre
646 908 770 961 nnonu
791 908 985 961 aron-w.
1009 894 1038 965 7.
1196 896 1259 959 211

218 1087 365 1154 claritate
388 1094 423 1154 et
443 1088 561 1176 gratia,
592 1095 633 1155 ut
654 1090 873 1176 quiescente'
863 1112 901 1155 ιιι
930 1091 1020 1177 pacis
1050 1090 1163 1177 quiete
1186 1090 1261 1155 uui·
1247 1102 1392 1153 -cinPeae

217 1190 333 1256 vernali
366 1190 544 1257 Britannia
577 1214 652 1257 cum
688 1192 913 1259 adiacentium
950 1212 1128 1279 regnorum
1165 1214 1260 1259 mon-
1274 1170 1371 1235 Englan
1340 1171 1396 1219 anu

217 1292 462 1380 amhiarumque
484 1294 698 1383 angularibus
719 1296 837 1361 insulis
858 1296 1060 1362 videretur
1050 1296 1203 1362 rnnovari
1225 1297 1261 1360 in

217 1418 254 1461 eo
285 1396 369 1463 illud
400 1398 597 1463 donatiuum
629 1398 747 1463 Divini
779 1399 933 1479 muneris,
967 1420 1033 1485 quo
1062 1405 1138 1485 post
1167 1399 1262 1465 belli-

216 1519 325 1564 cosum
354 1499 466 1565 David
496 1522 633 1587 mgnum
663 1505 805 1567 terrores
838 1501 1038 1588 compescuit
1060 1502 1262 1589 proeliorum,

217 1605 250 1665 et
272 1603 459 1667 succedenti
491 1602 560 1668 filio
582 1603 752 1669 Salomoni
784 1603 822 1668 in
852 1604 934 1669 solio
956 1603 1072 1691 gloriae
1093 1606 1182 1690 pacis
1208 1626 1263 1668 ex-

216 1702 324 1770 hibuit
344 1726 504 1792 regnum3
526 1710 566 1769 ut
587 1706 720 1793 penitus
741 1706 898 1771 extinctis
914 1706 1066 1773 omnibus
1089 1707 1263 1773 contrariis

216 1807 358 1873 motibus
379 1808 417 1873 in
438 1808 691 1873 mansuetudine
705 1808 842 1889 viveret,
866 1829 942 1874 suos
964 1831 1039 1874 cum
1053 1809 1263 1895 benignitate

216 1917 349 1996 regeret,
382 1916 418 1976 et
453 1912 609 1977 universa
640 1912 759 1977 mundi
794 1912 899 1999 gloria
936 1916 971 1978 et
1005 1912 1134 1978 divitiis
1160 1911 1264 1977 abun-

216 2012 348 2079 dantius
370 2015 496 2080 cunctis
518 2020 682 2080 terrarum
703 2014 838 2101 regibus
860 2015 1065 2080 exuberaret
1111 2014 1264 2100 Denique

214 2136 250 2180 eo
279 2123 438 2203 regnante
458 2118 570 2183 nullus
599 2087 764 2183 tumultus
795 2118 995 2184 domesticus
1025 2117 1083 2203 qui
1105 2138 1174 2183 non
1196 2116 1262 2182 cito
1275 2134 1403 2183 Euenus

215 2219 490 2306 comprimeretur,
513 2220 643 2286 nullum
664 2220 790 2286 bellum
813 2220 1011 2298 forinsecum
1040 2220 1151 2285 omnia
1174 2217 1322 2284 domigell
1292 2202 1401 2251 enuenes
1375 2216 1422 2259 ⁹⁵⁸·

215 2320 355 2408 forisque
393 2323 516 2410 quieta,
555 2324 666 2388 omnia
699 2322 889 2409 tranquilla
951 2321 1034 2387 Et
1025 2344 1062 2385 ιιι
1093 2344 1132 2387 eo
1158 2321 1264 2409 magis

215 2425 413 2511 stupendum
448 2426 591 2507 videtur,
636 2426 715 2511 quia
758 2425 809 2490 ita
846 2429 1015 2491 mansuete
1054 2446 1088 2491 se
1134 2446 1263 2511 semper

215 2524 368 2607 habebat,
384 2533 424 2594 ut
444 2550 504 2594 nec
524 2550 682 2616 pauperes
696 2532 764 2607 aut,
785 2532 947 2615 quantum
963 2526 1007 2593 ad
1021 2528 1264 2614 reputationem
1287 2593 1291 2600 ,

214 2627 400 2709 humanam,
423 2630 500 2696 vilis
524 2631 744 2718 reputationis
770 2630 985 2697 homunculos
1014 2630 1116 2697 verbo
1145 2630 1265 2696 laedere

215 2738 332 2799 nosset.
388 2732 488 2815 Nam,
526 2734 607 2800 dum
644 2734 786 2822 quadam
816 2734 889 2799 vice
919 2736 1079 2799 venatum
1109 2732 1200 2815 isset,
1231 2737 1266 2797 et

216 2836 353 2923 agrestis
382 2836 518 2923 quidam
547 2836 716 2903 stabulata
744 2836 804 2902 illa
833 2836 954 2924 quibus
983 2836 1020 2902 in
1051 2856 1152 2902 cesses
1178 2834 1266 2902 cervi

215 2945 410 3025 urgerentur
424 2939 633 3019 confudisset,
646 2940 705 3004 ille
726 2962 786 3006 sua
807 2939 912 3006 nobili
934 2939 1080 3026 percitus
1095 2938 1153 3020 ira,
1172 2945 1190 2975 “
1201 2938 1264 3004 Per

217 3040 353 3122 Deum,’'
395 3042 518 3128 inquit,
562 3049 581 3078 “
603 3048 638 3109 et
674 3048 816 3108 matrem
854 3041 926 3107 eius
963 3040 1163 3108 tantundem
1199 3041 1264 3106 tibi

216 3143 347 3224 nocebo,
373 3144 402 3209 si
427 3143 570 3232 potero.’'
615 3144 778 3233 Egregius
804 3145 945 3226 anianus,
971 3145 1027 3229 qni
1052 3165 1086 3209 se
1100 3164 1211 3230 regem
1229 3143 1265 3206 in

215 3246 337 3312 talibus
352 3269 421 3312 non
441 3247 654 3326 meminisset,
670 3269 732 3314 nec
760 3248 898 3314 abiectae
918 3245 1118 3312 condicionis
1137 3243 1265 3310 homini

214 3371 248 3414 se
272 3371 365 3436 posse
387 3371 504 3416 nocere
528 3349 683 3438 putaretl
728 3351 812 3416 Erat
841 3352 969 3416 interea
995 3348 1066 3414 eius
1091 3347 1178 3435 apud
1209 3347 1265 3413 do·

213 3451 364 3518 mastices
400 3455 587 3519 reverentia
623 3454 810 3534 vehemens,
858 3451 948 3539 apud
987 3457 1117 3518 exteros
1155 3454 1264 3515 metue

213 3554 337 3640 ingena
385 3555 534 3622 Fovebat
559 3555 705 3643 profecto
727 3557 798 3622 eius
827 3554 1073 3642 simplieitatem
1099 3553 1197 3632 Deus,
1225 3557 1265 3619 ut

213 3661 323 3741 ponec
336 3656 456 3736 timeri,
480 3657 539 3744 qui
556 3658 727 3724 nesciret
716 3657 823 3724 irasci.
869 3655 936 3723 Sed
953 3655 1107 3743 quamvis
1122 3654 1264 3742 simplex

213 3763 396 3844 putaretur,
411 3759 556 3827 habebat
579 3762 716 3826 comites
731 3761 790 3846 qui
810 3781 887 3825 eum
906 3781 948 3826 ex
965 3758 1115 3826 humili
1105 3781 1142 3824 ιιι
1157 3759 1264 3823 altum
1277 3771 1312 3889 lHi
1305 3786 1326 3822 n
1302 3779 1407 3889 ruffi

212 3860 386 3948 erigerent,
413 3861 571 3928 videlicet
595 3862 783 3928 Siwardum
814 3862 968 3928 comitem
998 3839 1345 3926 Northumbren-lords

212 3962 312 4042 sium,
338 3963 525 4030 Leohicmn
554 3964 709 4030 comitem
746 3962 1048 4045 Herefordensium,
1079 3963 1266 4030 Haroldum

213 4063 320 4130 filium
359 4065 514 4132 Godwini
550 4067 642 4132 ducis
687 4067 841 4132 comitem
876 4065 1141 4132 Weetsaxonum
1203 4066 1267 4131 Isti

211 4166 353 4253 praefati,
367 4173 409 4234 ιιι
425 4169 571 4235 diximus
571 4191 742 4256 ,proceres
760 4167 965 4234 Edwardum
988 4189 1099 4253 regem
1114 4167 1266 4252 quamvis

210 4268 396 4337 humilitati
409 4277 445 4337 et
467 4270 673 4359 simplicitati
698 4270 879 4337 deditum
869 4292 907 4335 m
929 4271 1036 4334 altum
1059 4269 1265 4334 conabantur

212 4373 344 4459 erigere.
405 4372 480 4440 Rex
515 4395 594 4441 vero
631 4373 830 4453 Edwardus,
869 4371 986 4438 statim
1017 4371 1097 4437 ut
1087 4394 1124 4437 m
1154 4393 1319 4458 regeme
1278 4389 1342 4439 Hes
1330 4389 1394 4440 sizee

210 4476 319 4542 luerat
344 4483 527 4558 coronatus,
553 4477 682 4543 Emmae
705 4477 830 4564 reginae
854 4475 955 4540 matri
980 4497 1057 4555 suae,
1084 4495 1160 4562 quae
1183 4481 1264 4540 tunc
1277 4406 1407 4574 epatre-⁸
1357 4524 1435 4574 ochis

212 4580 301 4665 apud
321 4579 539 4665 Wyntoniam
563 4579 713 4666 degebat,
739 4578 896 4697 quicquid
919 4577 1038 4644 habuit
1023 4577 1098 4644 tin
1125 4601 1205 4644 auro
1229 4585 1301 4646 etm
1303 4592 1375 4641 other

210 4688 350 4768 argento
376 4688 410 4749 et
433 4681 532 4748 rebus
557 4682 718 4769 pretiosis,
751 4683 782 4748 ei
808 4680 957 4762 abstulit,
983 4703 1021 4748 eo
1053 4682 1142 4768 quod
1169 4658 1326 4748 ante·Em
1277 4675 1435 4792 Rogmiiene.

210 4803 312 4870 qnam
340 4807 402 4851 rex
432 4789 527 4866 esset,
553 4785 638 4852 nihil
664 4785 696 4852 ei
722 4785 868 4866 dederat
894 4787 984 4872 quod
1006 4785 1152 4874 petebat.
1129 4785 1265 4852 tSed
1278 4793 1345 4843 AD.
1363 4797 1435 4844 1042.

1063 4904 1130 4966 οι
