3567 5800
407 924 455 972 nn
477 923 593 972 ursus
616 922 737 971 annun
758 922 960 973 anon—111.
986 910 1038 974 28.
1187 910 1253 972 145

205 1124 329 1191 scilicet
350 1124 519 1189 Ethelredi
541 1123 634 1209 regis,
661 1122 836 1187 Edelsinus
856 1124 976 1209 praesul
1003 1128 1124 1189 sanctae
1149 1122 1252 1188 scire„

205 1227 380 1293 burnensis
418 1226 557 1307 ecclesiae
595 1232 630 1290 et
677 1225 871 1291 Leofstanus
902 1224 1063 1290 Alswoldi
1095 1226 1184 1290 filius
1219 1233 1253 1292 et

206 1329 410 1396 Edelnoldus
432 1328 575 1393 Wistani
600 1328 710 1407 filius3
736 1350 779 1393 ex
804 1334 897 1413 parte
922 1328 1062 1407 aicardi,
1092 1329 1252 1415 Rogerius

206 1434 383 1520 episcopus,
420 1430 614 1517 Rodulphus
649 1430 802 1517 Hugouis
831 1431 928 1508 filius,
967 1429 1126 1496 Turstenc
1163 1431 1252 1497 filius

205 1537 333 1623 Turgis.
389 1536 513 1599 Actum
536 1534 729 1619 Rotomago,
751 1533 903 1599 kalendis
936 1533 1058 1610 Martii,
1090 1556 1178 1599 anno
1209 1538 1251 1601 ab
1264 1535 1389 1653 dirimam

205 1638 431 1704 incarnatione
452 1636 587 1701 Domini
607 1636 890 1722 noningentesimo
906 1638 1115 1723 nonagesimo
1136 1639 1250 1723 primo,
1293 1640 1298 1651 '
1326 1642 1332 1653 '
1395 1642 1401 1654 “

206 1742 387 1806 indictione
411 1746 536 1826 quarta
582 1739 628 1803 Et
651 1740 692 1804 de
711 1740 900 1804 hominibus
923 1740 1008 1826 regis
1033 1740 1086 1805 vel
1110 1740 1251 1807 inimicis

204 1848 272 1911 suis
299 1843 429 1908 nullum
460 1843 619 1907 Ricardus
649 1842 794 1927 recipiat,
824 1863 885 1906 nec
914 1864 972 1906 rex
1003 1842 1043 1906 de
1073 1843 1149 1921 suis,
1181 1844 1251 1909 sine

204 1947 313 2033 sigillo
335 1944 475 2010 eorunr.”

1262 2202 1331 2252 Flor.

1262 2269 1378 2333 Vigor-n,

1261 2336 1418 2401 Rog.ll⁷cnd.

243 2409 496 2475 Conrlnunrro.
541 2408 591 2472 De
612 2406 796 2473 Bonorum
814 2404 1044 2494 persecutione
1067 2404 1201 2473 iterato.
1261 2404 1397 2519 {matt-

1261 2535 1329 2588 an.
1343 2542 1399 2587 ssa.

247 2626 450 2691 Exnnfflrvs
473 2623 641 2689 Danorum
675 2624 808 2689 interim
831 2622 1013 2711 Anglorum
1047 2624 1248 2711 provinciam
1261 2628 1383 2679 nane-in

204 2728 423 2805 devastantes,
447 2726 670 2813 Bamburgum
692 2726 790 2813 fregit
821 2732 856 2792 et
877 2727 1041 2813 spoliavit,
1065 2726 1098 2791 N
1101 2726 1248 2791 orthum-
1260 2697 1302 2747 ⁰²⁰
1314 2696 1394 2747 ¹¹⁰“h'

202 2832 308 2895 briam
343 2836 377 2895 et
410 2828 619 2895 Lindcseiam
652 2830 848 2895 devastavit.
917 2828 1041 2896 Contra
1073 2851 1249 2915 quoscum

204 2933 421 3021 provinciales
452 2933 605 3020 proelium
636 2938 743 2998 essent
776 2933 987 3010 commissuri,
1027 2935 1124 2998 duces
1162 2955 1253 2998 exer-

205 3039 289 3103 citus
313 3036 420 3101 Frane
443 3040 476 3101 et
505 3035 733 3122 Frithegistus‚
766 3035 863 3101 simul
894 3043 929 3102 et
961 3036 1150 3114 Godwinns,
1175 3037 1252 3122 quia

206 3163 247 3204 ex
281 3138 411 3204 Danica
448 3139 600 3226 progenie
634 3138 705 3204 nati
739 3138 881 3215 fuerunt,
917 3138 985 3203 suis
1022 3139 1157 3204 insidias
1194 3159 1251 3226 pa-

205 3248 324 3318 rantes,
349 3247 497 3307 auctores
520 3241 607 3328 fugae
630 3241 783 3328 primitus
806 3242 1001 3306 extiterunt.

252 3345 324 3413 Sub
357 3344 503 3410 eiusdem
535 3350 680 3431 tempore
713 3345 947 3431 persecutionis
984 3344 1249 3430 septentrionalis
1263 3351 1327 3401 Ibid·

205 3449 337 3528 wallia,
353 3447 533 3524 Dorcensis‚
557 3446 799 3525 Comubiensis,
824 3447 1050 3522 Devoniensis,
1072 3448 1249 3534 provinciae
1263 3418 1400 3534 ffi'oflffl'

204 3553 294 3617 nullo
328 3551 481 3616 obstante
515 3572 536 3614 a
566 3550 672 3615 Danis
701 3550 780 3638 igne
813 3556 848 3615 et
880 3550 967 3615 ferro
998 3574 1072 3617 cum
1106 3551 1249 3618 caedibus
1262 3551 1348 3602 W21¹⁹⁸
1360 3551 1409 3600 and

205 3655 377 3720 hominum
400 3659 434 3718 et
455 3652 580 3739 rapinis
602 3653 757 3718 desolatae
787 3659 873 3732 sunt,
898 3659 933 3720 et
954 3655 1139 3720 coenobium
1161 3656 1250 3741 quod
1263 3618 1420 3736 iguiffiw,

205 3756 392 3823 Tavestoke
414 3754 540 3821 dictum
574 3760 625 3820 est
657 3756 790 3842 ignibus
813 3763 1061 3822 concrematum.
1122 3759 1250 3824 Deinde
1264 3775 1330 3825 Ibin

205 3860 367 3926 nefandus
411 3858 584 3923 Danorum
639 3858 801 3923 exercitus
847 3858 975 3926 Cantiae
1020 3861 1250 3928 occidentalem
1265 3877 1403 3960 Iulient'

205 3964 336 4049 plagam
358 3961 425 4026 fere
447 3966 554 4025 totam
578 3960 728 4026 demoliti
749 3967 836 4029 sunt.
890 3963 991 4028 Unde
1013 3965 1056 4028 ad
1079 3965 1252 4030 Rofensem
1378 3944 1385 3958 ⁸

206 4065 321 4132 urbem
360 4064 498 4141 devecti,
537 4085 611 4129 eam
644 4063 813 4129 obsidione
845 4065 1061 4132 vallaverunt.
1130 4068 1253 4134 Contra

205 4190 287 4254 quos
320 4167 575 4233 cantuarienses
606 4165 772 4246 destinati,
805 4190 957 4254 asperum
989 4191 1062 4234 oum
1095 4169 1142 4235 eis
1179 4193 1254 4235 con·
1322 4199 1326 4206 ·

204 4272 333 4336 flictum
364 4270 518 4335 inierunt.
588 4268 654 4335 Sed
698 4269 773 4334 hinc
813 4271 889 4335 inde
921 4271 1035 4336 multis
1065 4271 1252 4353 interfectis,

208 4375 296 4439 Dani
319 4373 454 4438 tandem
477 4373 650 4438 victoriam
672 4376 890 4458 reportarunt.
946 4371 1072 4440 Contra
1094 4397 1174 4462 quos
1195 4397 1254 4440 rex

205 4477 406 4542 Ethelredus
458 4476 639 4541 exercitum
694 4476 847 4563 dirigens,
902 4499 1019 4564 parum
1072 4478 1126 4544 vel
1171 4478 1252 4542 nihil

206 4579 351 4668 profecit
