3567 5800
447 875 493 927 ua
514 873 628 926 orsus
650 875 771 926 neuun
791 873 989 929 ansa-411.
1014 863 1063 926 28.
1206 866 1267 928 143
1308 905 1310 910 -

262 1259 516 1330 Conrmuarlo
563 1259 662 1344 Quod
684 1257 882 1324 Etlcclredus
905 1281 963 1325 roa
985 1259 1028 1324 ia
1051 1281 1130 1326 saroa
1151 1282 1228 1340 prc-
1281 1264 1320 1314 Οἱ
1333 1264 1402 1349 will.

638 1371 752 1430 lernaea
773 1369 851 1428 erat.
1281 1334 1366 1468 dliii]
1379 1353 1405 1388 ¹¹⁸

268 1577 399 1645 Maon
428 1577 594 1664 plerisque
623 1577 770 1658 videtur,
800 1599 858 1644 cur
888 1577 1085 1644 Ethelrcdus
1114 1599 1184 1660 rex,
1211 1578 1269 1664 qui

221 1683 330 1748 fuerat
370 1681 468 1746 homo
509 1703 614 1767 neque
651 1681 795 1747 multum
833 1681 944 1747 fatuus
982 1703 1088 1768 neque
1126 1681 1269 1746 multum

219 1785 369 1872 ignavus,
394 1784 431 1848 in
461 1789 532 1848 tam
562 1784 654 1849 tristi
682 1783 805 1870 pallore
831 1790 884 1849 tot
908 1783 1136 1849 calamitatum
1163 1785 1269 1849 vitam

221 1911 315 1954 suam
364 1887 609 1974 consumpserit
679 1887 782 1953 Cuius
826 1887 875 1954 rei
920 1909 1051 1952 causam
1096 1909 1269 1974 agnoscere

221 1992 368 2079 cupienti
389 2013 459 2056 non
481 1991 547 2056 alia
568 2012 667 2057 causa
689 1991 730 2056 do
751 1991 839 2056 facili
862 1995 1019 2076 patescet,
1043 1989 1109 2054 nisi
1132 1990 1270 2056 defectio

220 2096 342 2161 ducum
367 2095 521 2181 prodiens
545 2116 587 2160 ex
609 2093 763 2181 superbia
788 2094 883 2181 regis
939 2093 1076 2158 Illorum
1099 2093 1269 2180 perfidiam

219 2197 321 2287 paulo
351 2198 501 2284 superius
533 2197 712 2262 secundum
742 2197 939 2282 scriptorum
969 2195 1149 2261 veridicam
1186 2197 1270 2261 rela-

220 2303 347 2367 tionem
368 2301 608 2387 descripsimus.
656 2299 756 2365 Nune
778 2321 856 2366 vero
879 2300 920 2364 de
944 2298 1026 2364 dicti
1049 2299 1136 2386 regis
1159 2299 1271 2364 Ethel-

217 2404 291 2469 rcdi
319 2404 497 2471 insolentia
522 2405 761 2489 subsequenter
792 2403 945 2468 dicemus.
1002 2401 1097 2467 Adeo
1127 2424 1270 2488 namque

219 2509 329 2574 dictus
354 2513 510 2574 rexerat
535 2507 761 2586 intolerabilis,
787 2511 826 2571 ut
852 2527 912 2570 nec
935 2505 1076 2592 propriis
1099 2505 1270 2571 affectibus

219 2616 377 2699 parceret.
445 2611 535 2676 Nam
571 2615 693 2696 praeter
730 2609 866 2696 Anglos‚
906 2629 988 2693 quos
1025 2607 1127 2674 nullis
1164 2608 1270 2674 causis

220 2715 415 2780 extantibus
453 2712 682 2794 exheredabat‚
721 2713 775 2778 vel
812 2709 941 2777 afficto¹
977 2712 1113 2776 erimine
1151 2712 1269 2798 opibus

219 2816 427 2905 emungebat,
472 2817 509 2881 in
554 2838 691 2882 uxorem
736 2837 830 2882 suam
875 2814 1108 2902 supradictam,
1147 2811 1435 2882 seilicetR08·W011d·

220 2924 384 3002 Emmam‚
408 2920 490 2986 adeo
512 2926 686 3007 protervus
711 2924 790 2997 erat,
813 2925 854 2985 ut
879 2920 940 2985 vix
963 2941 1035 2985 eam
1056 2920 1092 2984 in
1116 2920 1266 2987 cubiculo
1279 2881 1412 2997 &matr

219 3026 397 3092 admittere
445 3025 647 3111 dignaretur,
685 3024 742 3089 sed
780 3045 854 3089 cum
892 3023 1061 3110 pellicibus
1099 3024 1269 3090 volutatus
1280 3013 1348 3065 AJ).
1361 3020 1416 3065 ⁹⁹⁰·

218 3131 345 3217 regiam
366 3128 575 3194 maiestatem
593 3128 822 3214 multipliciter
839 3127 1024 3191 infamavit.
1071 3126 1135 3191 Illa
1156 3132 1267 3192 autem

219 3234 281 3300 alti
310 3232 481 3319 sanguinis
511 3232 665 3317 progenie
695 3231 817 3297 ducens
847 3230 1016 3317 originem,
1048 3230 1085 3295 in
1110 3229 1267 3296 maritum

218 3336 379 3416 tumebat,
408 3336 595 3421 samumque
621 3334 687 3399 viri
716 3335 768 3399 sui
798 3334 887 3420 apud
917 3337 1046 3419 patrem
1076 3354 1173 3397 suum
1199 3356 1267 3399 non

218 3440 426 3505 mediocriter
455 3437 657 3523 denigrabat.
714 3436 814 3501 Unde
844 3436 933 3500 idem
959 3435 1029 3501 dux
1058 3436 1091 3501 N
1094 3457 1265 3503 ormanno·
1278 3444 1397 3505 nichae,

217 3567 302 3621 rum,
326 3548 423 3630 pater
444 3542 575 3627 reginae,
603 3560 824 3626 quoscumque
853 3540 1012 3618 homines,
1044 3538 1173 3605 clericos
1196 3513 1388 3643 sivefflssl

217 3648 326 3728 laicos
358 3645 399 3711 de
429 3666 529 3730 regno
558 3644 743 3730 Anglorum
773 3642 831 3729 qui
853 3665 911 3729 per
940 3647 1063 3709 terram
1087 3644 1266 3711 transitum
1278 3664 1386 3713 avengae

217 3750 386 3817 faciebant
407 3748 545 3833 capiens,
570 3745 730 3833 quosdam
756 3746 922 3813 interfecit
945 3751 978 3810 et
1001 3747 1179 3812 nonnullos
1204 3749 1265 3815 sub
1278 3715 1435 3835 {manga

219 3850 374 3919 carcerali
404 3850 553 3916 custodia
582 3848 767 3935 deputavit.
826 3848 901 3915 Hoc
932 3871 1061 3935 quoque
1093 3850 1265 3917 discidium
1278 3850 1394 3916 English.

218 3980 293 4023 curn
325 3978 347 4019 a
383 3975 469 4041 papa
505 3953 529 4019 J
531 3951 659 4017 ohanne
696 3951 814 4016 fuisset
851 3957 1064 4039 compertum,
1102 3955 1193 4020 misit
1230 3956 1265 4019 in

218 4058 377 4144 Angliam
407 4057 552 4122 Leonem
581 4054 812 4121 Treverensem
842 4055 1037 4141 episcopum,
1065 4056 1123 4141 qui
1153 4079 1265 4143 pacem
1276 4074 1335 4135 Leo,
1349 4080 1389 4142 cp.

217 4166 348 4229 firmam
368 4162 587 4245 interregem
601 4157 787 4243 Anglorum
807 4162 842 4222 et
863 4157 978 4223 ducem
997 4158 1264 4227 Normannorum
1276 4143 1421 4261 ggnffffilffl‘

217 4266 409 4331 reformaret
438 4268 474 4326 et
497 4266 649 4347 potentes
675 4284 696 4324 a
722 4260 883 4326 discordia
908 4261 949 4325 ad
973 4262 1138 4327 unitatem
1169 4263 1394 4341 redu-unguas

217 4373 313 4434 ceret.
377 4365 479 4431 Cuius
515 4364 563 4429 rei
601 4385 698 4428 causa
734 4368 935 4427 memoratus
972 4386 1058 4450 papa
1094 4364 1118 4431 J
1120 4364 1264 4433 ohannes
1276 4344 1384 4475 ξζέἓξε

216 4473 308 4537 misit
329 4469 525 4557 epistolam3
548 4466 641 4531 euius
663 4476 759 4532 tenor
782 4467 861 4532 talis
881 4470 940 4532 est.
1277 4492 1364 4597 mr

582 4818 590 4845 ι
608 4814 703 4880 affice]
722 4813 820 4877 mim,
838 4814 895 4865 us
