3567 5800
487 795 530 854 88
747 806 813 856 rue
837 806 884 854 un
907 805 1042 854 creme
1067 805 1158 853 erse.
1184 805 1272 856 msr.

486 1011 616 1077 quoque
639 989 742 1056 oculis
775 987 929 1056 eruendis
962 987 1125 1076 malignos
1155 989 1398 1055 transmitteret
1428 988 1544 1054 minis-

486 1098 564 1170 tros,
599 1091 659 1179 qui
691 1091 809 1178 ipsum,
842 1091 872 1157 ai
906 1091 1103 1170 invenirent,
1137 1091 1263 1158 lumine
1287 1091 1453 1156 oculorum
1475 1089 1544 1177 pri·

487 1198 612 1262 vatent
680 1192 806 1259 Verum
844 1192 1024 1260 miserante
1061 1193 1186 1260 Divina
1222 1192 1404 1272 clementia,
1450 1192 1543 1258 euius

486 1319 657 1383 nunquam
679 1297 804 1362 auxilio
827 1295 1080 1374 destituebatur,
1097 1297 1308 1362 Dunstenum
1329 1301 1429 1362 antea
1444 1295 1543 1360 llan-

487 1399 561 1466 dria
591 1403 786 1485 susceperat,
822 1419 923 1484 qnam
954 1397 1076 1464 fluctus
1107 1419 1277 1485 aequoreos
1306 1397 1452 1463 ministri
1482 1397 1544 1462 im·
1758 1415 1759 1506 q

486 1501 643 1588 piissimae
680 1499 827 1566 mulieris
860 1499 1058 1588 attigissent.
1127 1499 1253 1566 Exulet
1285 1499 1397 1586 itaque
1423 1499 1542 1566 beatus

487 1603 689 1681 Dunstanus,
721 1601 815 1668 nulla
847 1601 941 1667 exilii
974 1624 1033 1689 per
1065 1603 1207 1690 gratiam
1239 1601 1303 1667 Dei
1333 1601 1456 1667 damna
1486 1600 1542 1667 de·
1758 1657 1759 1692 ,

486 1706 628 1793 plorans,
652 1705 732 1771 dum
754 1704 823 1770 suis
844 1703 973 1770 meritis
995 1704 1044 1770 ita
1070 1704 1134 1770 sibi
1156 1725 1269 1772 omnes
1291 1703 1482 1785 devinciret,
1505 1709 1544 1770 ut
1688 1705 1694 1716 '
1758 1729 1759 1802 q

487 1808 629 1896 patriam
652 1829 720 1874 esse
742 1807 881 1874 exilium
903 1811 1044 1892 putaret.
1758 1807 1759 1880 l

315 2083 467 2270 Ξέἔρῃᾱ
491 2121 747 2190 Oourruusrro.
808 2122 858 2188 De
880 2117 1079 2232 saputem
1101 2117 1247 2188 Edatur·
1278 2117 1370 2207 repta
1400 2118 1543 2206 Anqttce

937 2246 961 2290 u
982 2243 1094 2310 reque.

317 2283 424 2336 Westm.

319 2349 388 2402 Δ.Ι).
402 2355 459 2404 957.

314 2465 447 2519 Revertor
535 2423 745 2488 Rrsrrcrms
781 2443 860 2509 ergo
899 2421 1025 2488 Christi
1063 2420 1237 2489 elementia
1267 2420 1451 2510 Anglorum
1484 2443 1541 2508 po-

318 2532 411 2583 ndwin
487 2526 602 2611 pulum
645 2529 742 2590 tanto
791 2529 932 2611 patrono
978 2525 1185 2602 destitutum,
1224 2523 1399 2590 suscitavit
1443 2523 1542 2589 corda

317 2599 451 2728 lm
485 2628 633 2693 virorum
655 2626 698 2692 ab
721 2625 885 2692 Humbrae
907 2625 1009 2692 fluvio
1024 2649 1128 2712 usque
1150 2627 1194 2692 ad
1213 2625 1339 2691 fiumen
1352 2625 1541 2706 Tamisium,

317 2731 334 2781 ¹·
346 2746 368 2782 θ·
380 2748 404 2798 Ρ·
417 2739 471 2786 ¹⁰⁶·
484 2751 584 2816 supra
597 2728 687 2815 quod
709 2728 789 2793 urbs
805 2727 979 2795 Londonia
1000 2734 1052 2795 est
1066 2729 1214 2807 limdata,
1230 2729 1387 2794 adversus
1400 2729 1539 2815 impium

484 2853 596 2919 regem
628 2829 818 2909 Edwinum,
852 2851 928 2895 cum
961 2831 1091 2918 populis
1125 2829 1360 2911 Mercensibus,
1385 2830 1540 2917 quoniam

484 2935 521 2999 in
542 2932 702 3021 regimine
724 2932 789 2998 sibi
811 2933 986 2999 commisso
1007 2933 1203 3020 insipienter
1229 2933 1356 3020 egisset.
1410 2932 1540 3020 Nempe

483 3037 648 3124 sapientes
670 3056 816 3121 quosque
847 3036 941 3121 regni
976 3041 1010 3100 et
1044 3035 1170 3101 nobiles
1193 3035 1268 3101 odio
1291 3034 1453 3101 vanitatis
1475 3034 1540 3099 dis-

483 3140 630 3226 perdens,
653 3139 787 3225 ignaros
819 3136 1036 3203 nihilominus
1070 3143 1105 3204 et
1133 3137 1264 3223 iniquos
1298 3136 1409 3203 studio
1442 3137 1540 3203 dilec-

483 3242 585 3309 tionis
606 3241 749 3307 fovebat.
807 3239 874 3319 Qui
897 3260 1009 3305 omnes
1043 3240 1138 3326 qussi
1169 3239 1206 3305 in
1236 3262 1341 3305 unum
1372 3238 1540 3307 hominem

482 3344 645 3421 translati,
683 3364 752 3408 non
788 3340 887 3407 modo
925 3363 1062 3428 regnum
1101 3342 1203 3429 ipsius
1247 3342 1382 3419 abicere,
1420 3364 1538 3407 verum

482 3446 584 3512 etiam
606 3446 717 3531 ipsum
735 3465 838 3530 regno
861 3444 1023 3530 expellere
1054 3444 1164 3510 moliti
1195 3450 1281 3510 sunt
1339 3444 1454 3512 coacti
1477 3444 1538 3510 ita-

482 3570 547 3635 que
568 3547 604 3611 in
626 3546 759 3612 turbam
791 3566 903 3633 regem
935 3567 1009 3611 cum
1043 3546 1193 3613 adultera
1223 3546 1406 3635 fugientem
1437 3552 1539 3634 atque

482 3652 519 3716 in
541 3649 642 3714 inviis
664 3670 733 3715 sese
755 3647 976 3713 occultantem
992 3648 1091 3713 armis
1113 3650 1265 3736 persequi
1279 3670 1346 3714 non
1361 3648 1537 3715 desistunt.

483 3752 529 3817 Et
559 3751 666 3839 ipsam
700 3749 835 3836 quidem
866 3750 1051 3816 adulteram
1084 3750 1181 3816 iuxta
1213 3750 1454 3826 Gloucestriam
1487 3774 1538 3817 re-

481 3857 610 3941 pertam
631 3852 937 3929 subnervaverunt3
963 3852 1081 3919 deinde
1095 3874 1162 3939 qua
1184 3852 1286 3940 digna
1307 3852 1416 3919 firerat
1430 3860 1539 3921 morte

480 3956 718 4021 multaverunt
774 3953 904 4019 Deinde
926 3954 1078 4019 unanimi
1112 3954 1259 4021 omnium
1295 3956 1539 4043 conspiratione

482 4058 623 4123 Edwino
646 4056 782 4133 deiecto,
806 4055 977 4143 elegerunt
1012 4057 1084 4121 Deo
1118 4056 1265 4123 dictante
1295 4056 1432 4123 fratrem
1467 4058 1539 4124 eius

312 4154 469 4209 Irisbrouer
482 4162 653 4248 Edgarum
689 4160 726 4225 in
762 4180 883 4246 regem,
928 4158 1050 4224 indolis
1088 4158 1317 4225 adolescentiae
1354 4159 1536 4239 iuvenem,¹

310 4287 396 4351 retgas
481 4285 579 4350 quem
610 4262 761 4327 futurum
795 4282 906 4347 regem
938 4261 1105 4327 oraculum
1137 4262 1269 4328 coeleste
1291 4262 1457 4348 quondam
1480 4262 1539 4329 de-

307 4353 384 4404 Μ
478 4366 633 4453 signavit,
649 4365 730 4430 dum
751 4384 862 4449 pacem
886 4362 1045 4449 regnique
1068 4362 1209 4429 salutem
1230 4364 1298 4429 suis
1313 4386 1352 4429 ac
1367 4364 1542 4431 Dunstani

308 4420 339 4468 ol
345 4420 388 4470 the

310 4485 427 4538 Thames

476 4643 616 4763 Wiquqqlis
632 4642 797 4694 adoleacmtiae
814 4640 934 4708 lacman]
956 4641 1057 4706 optimu
1077 4641 1172 4693 indolis
1189 4644 1355 4706 adolescente,
1373 4643 1473 4696 Osbem
1490 4660 1540 4711 ap.

584 4726 610 4761 n.
