3567 5800
496 893 543 942 nu
564 893 681 942 omne
702 891 825 942 moun
847 891 1041 944 uenam.
1065 879 1116 943 52.
1255 874 1321 948 337

273 1084 378 1148 tutem
417 1080 664 1149 trunofimderet
701 1103 803 1158 ruem,
843 1079 937 1148 cuiue
974 1101 1101 1166 semper
1136 1084 1321 1167 suspectam

275 1183 434 1248 habuerat
455 1184 655 1270 potentiumz
697 1183 857 1269 quamvis,
880 1189 921 1250 ut
946 1205 1013 1248 non
1039 1182 1162 1249 celetur
1187 1185 1321 1262 veritur,

274 1309 333 1376 pro
354 1309 492 1377 persona
518 1309 617 1372 quom
639 1287 774 1377 gerebat
801 1309 941 1374 regnum
965 1286 1143 1373 prudentie
1173 1294 1208 1352 et
1230 1287 1322 1352 forti-

274 1390 390 1455 tudine
412 1389 617 1477 gubernaret,
640 1391 668 1454 si
691 1390 836 1478 legitime
859 1389 944 1460 illud
970 1390 1170 1476 suscepisset.
1218 1389 1321 1453 Deui-

275 1515 337 1579 que
366 1493 499 1557 vivente
534 1492 700 1557 Eduardo
736 1513 938 1579 quaecunque
971 1497 1086 1557 contra
1121 1514 1196 1557 eum
1234 1491 1321 1556 bello

274 1597 407 1660 incense
435 1599 523 1675 eunt,
547 1596 672 1660 virtute
702 1617 760 1660 suc
790 1596 988 1680 compressit,
1012 1596 1147 1680 cupiens
1176 1617 1210 1659 ee
1247 1617 1320 1679 pro·

274 1697 470 1764 vincialibus
500 1703 674 1776 ostentare,
705 1698 740 1761 in
770 1718 908 1784 regnum
934 1697 1057 1762 scilicet
1079 1719 1136 1784 spe
1158 1698 1321 1784 prurienti

275 1801 438 1872 anhelans,
484 1800 667 1878 Griffinum,
693 1806 732 1866 ut
762 1801 1013 1887 supradiximus,
1042 1822 1152 1886 regem
1176 1801 1320 1864 wullen-

276 1903 361 1967 sium
385 1907 418 1968 et
435 1903 526 1990 prius
548 1903 634 1972 bello
657 1903 748 1979 vicit,
771 1907 805 1968 et
829 1904 1038 1988 postmodum
1060 1903 1174 1971 multia
1194 1902 1320 1967 nisibus

275 2028 440 2092 resurgere
469 2011 643 2072 conantem
674 2005 781 2092 cupite
808 2006 974 2092 privavit3
1012 2027 1207 2071 succensores
1239 2006 1320 2071 duce

277 2131 319 2172 ex
348 2110 545 2174 satellitibus
579 2110 654 2192 suis,
679 2109 808 2186 iratres¹
830 2108 977 2174 eiusdem
1012 2109 1150 2188 Griffiui,
1180 2109 1321 2196 Blegent

277 2217 312 2279 et
334 2212 549 2290 Rivcllouem,
572 2212 629 2298 qui
656 2234 730 2276 eum
753 2213 909 2297 obsequio
940 2212 1177 2293 demeruerunt,
1202 2213 1321 2277 courti-

277 2317 379 2380 tuene

677 2643 925 2711 Ocurnuurro.

323 2859 394 2926 Sur>
414 2864 448 2926 et
467 2859 534 2924 iam
557 2858 600 2923 cd
616 2857 775 2926 Wiilelmi
795 2861 895 2949 primi
917 2870 1066 2947 temporo
1086 2861 1482 2946 pervenientes‚rnr01u0

277 2966 385 3053 placet
424 2962 524 3027 Libro
568 2963 695 3043 Quarto
729 2964 858 3050 Specuii
888 2964 1080 3029 Historialie
1117 2961 1169 3028 De
1215 2965 1322 3029 Gestis
1334 2940 1433 3057 {ff

279 3068 407 3153 Regum
441 3066 572 3151 Angliae
602 3066 703 3131 finem
739 3068 917 3154 imponere,
947 3073 981 3133 et
1011 3089 1032 3131 o
1056 3068 1212 3153 praedictc
1238 3066 1322 3131 Wil-

277 3171 373 3235 lelmo
412 3168 597 3255 Auglorum
638 3190 712 3255 rege
765 3170 903 3235 Librum
946 3167 1108 3249 Quintum
1152 3170 1323 3255 praesentis

279 3273 384 3358 operis
406 3272 565 3337 inchoare.

280 3512 556 3599 replicentur
580 3511 731 3595 Quartae
753 3511 891 3598 Specuii
917 3510 1122 3579 Hhtmtclo
1144 3515 1194 3582 Dc
1219 3516 1326 3584 Uettio

652 3614 785 3701 Regium
807 3614 953 3701 Aopbioe.

326 4062 396 4127 Hm
418 4064 536 4128 finitur
559 4064 670 4129 Prima
692 4064 771 4129 Pure
787 4064 945 4130 Historiae
968 4066 1141 4152 praesentis
1160 4068 1201 4133 de
1224 4071 1326 4156 gestie
1338 4091 1396 4140 End
1408 4092 1437 4142 of

280 4166 445 4251 regalibus
467 4167 510 4230 ab
532 4167 679 4231 adventu
701 4167 883 4253 Auglorum
910 4169 979 4232 sive
1004 4167 1172 4234 Saxonum
1194 4171 1231 4235 iu
1253 4158 1476 4277 Brimo&

279 4269 437 4349 tenuium,
467 4290 509 4333 ex
534 4269 695 4334 chronicis
722 4270 857 4335 diversis
882 4270 1016 4336 collecta
1041 4278 1076 4336 et
1104 4273 1141 4336 in
1166 4280 1326 4359 quattuor
1336 4291 1402 4341 from
1412 4309 1457 4343 va·

281 4370 381 4437 libros
416 4372 621 4457 praescriptos
653 4372 782 4457 digesta
814 4394 871 4457 per
901 4372 1037 4438 fratrem
1076 4375 1253 4442 Ricardum
1284 4380 1324 4445 de
1337 4359 1494 4492 {issffissff

282 4478 494 4543 Oireuceetric
524 4478 721 4543 monachum
752 4479 892 4545 ecclesiae
923 4480 1012 4545 beati
1041 4481 1132 4546 Petri
1161 4483 1324 4552 Weetmo-
1337 4492 1487 4571 Richardof

281 4585 416 4649 naeterii
438 4606 538 4671 prope
561 4583 756 4650 Londcnice.
1337 4560 1496 4677 grunffipnk

1400 4695 1481 4746 Peter
1496 4734 1503 4756 ,

327 4688 488 4753 Praeteree
507 4688 657 4753 Secunde
679 4687 759 4753 Pers
783 4688 942 4754 Historiae
963 4691 1143 4777 praeiibetee
1166 4695 1206 4759 de
1224 4699 1326 4783 gestis
1338 4642 1407 4743 ‘’fris-²
1436 4763 1442 4773 ,

282 4791 445 4877 regalibus
467 4813 488 4854 o
502 4790 628 4870 Quinto
645 4790 745 4857 Libro
761 4797 868 4857 sumet
886 4792 1030 4873 initium,
1046 4817 1145 4881 quum
1167 4821 1188 4862 a
1203 4802 1326 4867 nativi·
1338 4760 1473 4877 mptum-

371 4908 444 4958 VOL.
461 4909 496 4958 11.
1171 4918 1195 4966 γ
