3567 5800
951 881 1046 930 m,-
1087 879 1320 932 omns
1364 880 1606 931 anema
1649 849 2040 932 men—w.
2076 867 2174 928 11.
2447 864 2579 929 223

471 1072 670 1133 antea
713 1067 1056 1134 metuebat
1111 1067 1359 1134 vincire
1420 1067 1645 1146 artius,
1699 1067 1905 1133 filiam
1957 1088 2146 1134 suam
2198 1066 2580 1153 praedictam

473 1171 793 1236 Editham
836 1170 1170 1237 Edwardo
1213 1170 1543 1258 coniugali
1602 1171 1748 1258 lege
1792 1170 2239 1236 maritandam
2285 1171 2425 1256 egit
2466 1190 2584 1256 per

473 1274 719 1339 amicos
761 1296 917 1341 suos
960 1275 1264 1362 regisque
1332 1275 1735 1353 secretarios,
1779 1278 1860 1339 ut
1902 1274 2108 1340 filiam
2153 1296 2342 1339 suam
2386 1272 2584 1360 regiis

472 1378 730 1466 nuptiis
794 1378 1196 1467 dignaretur.
1312 1378 1445 1445 Sed
1512 1377 1585 1443 hi
1647 1378 1764 1465 qui
1833 1377 2100 1443 domino
2164 1398 2283 1443 suo
2350 1375 2584 1441 artiori

468 1482 883 1548 inhaerebant
950 1482 1213 1564 affectu,
1279 1481 1723 1569 proditionem
1799 1481 2058 1546 comitis
2134 1502 2334 1567 quam
2409 1500 2583 1566 saepe

471 1584 744 1649 fuerant
817 1585 1077 1673 experti
1172 1585 1538 1673 plurimum
1613 1583 2066 1665 formidantes,
2155 1584 2279 1649 hoc
2367 1584 2582 1670 ipsum

472 1688 1029 1774 pernecessarium
1101 1687 1245 1776 regi
1316 1684 1830 1753 arbitrabantur.
1953 1686 2069 1753 Ita
2140 1707 2280 1753 non
2355 1686 2584 1751 eadem

480 1789 858 1855 intentione
925 1810 1150 1855 omnes
1201 1790 1275 1854 in
1319 1789 1596 1855 eandem
1658 1794 2111 1855 convenerunt
2173 1789 2581 1855 sententiam.

474 1892 663 1958 Nam
692 1892 779 1958 ad
810 1893 1060 1959 dictum
1104 1892 1605 1958 matrimonium
1650 1892 2174 1957 contrahendum
2220 1892 2584 1957 Edwardus

477 2017 557 2061 eo
620 1995 817 2061 citius
880 1993 1253 2076 consensit,¹
1332 2016 1464 2082 quo
1532 2016 1601 2060 se
1674 1994 1923 2060 sciebat
1999 1995 2203 2081 ipsius
2279 1994 2585 2061 Godwini

474 2100 748 2164 consilio
817 2103 887 2164 et
949 2098 1199 2165 auxilio
1261 2099 1366 2164 ius
1427 2120 1622 2163 suum
1688 2097 2166 2163 hereditarium
2218 2099 2292 2163 in
2338 2098 2584 2184 Anglia
2611 2098 2860 2181 him-m«-

471 2204 763 2268 securius
806 2201 1151 2289 possidere.
1245 2201 1466 2289 Igitur
1509 2223 1595 2267 ex
1623 2201 1969 2287 utriusque
2016 2201 2268 2266 divitiis
2311 2206 2585 2287 paratur
2609 2173 2892 2284 ξξᾞ,,],”’,ἒ.;“,ζ’’ᾗΞ

474 2306 778 2392 nuptiale
823 2306 1247 2386 convivium3
1301 2304 1632 2391 complent
1677 2304 2019 2391 pontifices
2064 2311 2541 2370 sacramentum
2567 2329 2582 2386 3
2608 2305 2760 2369 ΕΜΠ-

475 2408 895 2474 benedicitur
938 2409 1157 2495 puella
1199 2409 1272 2472 in
1315 2428 1606 2483 uxorem,
1642 2411 1711 2472 et
1754 2407 1829 2471 in
1874 2408 2173 2494 reginam
2217 2414 2583 2473 coronatur.

477 2509 1049 2576 Convenientibus
1123 2510 1333 2597 igitur
1405 2508 1480 2574 in
1554 2531 1784 2591 unum,
1864 2532 1984 2574 rex
2058 2514 2128 2575 et
2202 2509 2429 2597 regina
2502 2511 2584 2577 de
2611 2525 2888 2605 ¹1*wa

448 2612 793 2679 castitate
855 2612 1182 2678 servanda
1242 2611 1700 2700 paciscuntur3
1766 2634 1888 2677 nec
1953 2611 2107 2677 huic
2157 2612 2316 2679 fidei
2382 2613 2585 2679 alium
2610 2597 2660 2641 Ἦ
2688 2597 2816 2641 ''¹*''‘'
2832 2613 2836 2637 ¹
2852 2609 2910 2656 '³¹

479 2738 684 2801 quam
732 2713 951 2780 Deum
996 2719 1235 2780 testem
1304 2715 1644 2781 aestimant
1709 2713 2173 2781 adhibendum.
2298 2714 2414 2782 Fit
2472 2716 2589 2781 illa

476 2818 723 2884 coniux
791 2822 1031 2898 mente,
1098 2840 1232 2882 non
1295 2839 1533 2898 carne3
1595 2816 1708 2882 ille
1769 2817 2036 2884 nomine
2105 2819 2402 2899 maritae,
2451 2842 2586 2886 non

479 2944 691 3009 opere.
785 2918 1171 2987 Perseverat
1216 2920 1395 2986 inter
1457 2941 1567 2986 eos
1630 2920 1768 2986 sine
1836 2924 1993 2986 actu
2060 2922 2390 3010 coniugali
2436 2945 2591 2989 con-

478 3023 724 3111 iugalis
791 3023 1081 3102 affectus,
1130 3028 1199 3088 et
1243 3023 1383 3088 sine
1444 3022 1874 3088 defloratione
1919 3023 2329 3111 virginitatis
2381 3031 2589 3100 ,castae

481 3126 853 3192 dilectionis
921 3125 1277 3212 amplexus,
1390 3123 1720 3213 Diligitur
1781 3124 1910 3204 ille,
1955 3125 2071 3191 sed
2121 3149 2259 3191 non
2303 3149 2591 3193 corrum-

480 3231 716 3316 pitur3
803 3229 1103 3316 diligitur
1176 3228 1308 3309 illa,
1392 3250 1512 3294 nec
1598 3226 1923 3316 tangitur,
1986 3235 2071 3307 et,
2143 3229 2334 3316 quasi
2417 3252 2593 3296 nova

482 3333 792 3420 quaedam
837 3331 1129 3419 Abysag,
1176 3352 1397 3419 regem
1460 3330 1753 3397 calefecit
1816 3352 2052 3410 amore,
2099 3332 2215 3397 sed
2265 3354 2403 3398 non
2463 3332 2592 3398 dis-

481 3436 685 3501 solvit
746 3434 1076 3517 libidine3
1149 3434 1395 3499 mulcet
1457 3433 1803 3520 obsequiis,
1871 3433 1986 3499 sed
2049 3433 2388 3501 desideriis
2454 3457 2592 3501 non

489 3537 765 3603 emollit.
856 3537 949 3603 Et
993 3558 1078 3601 ne
1121 3535 1360 3623 aliquis
1403 3535 1558 3601 huic
1600 3536 1773 3624 regis
1803 3535 2045 3602 virtuti
2074 3537 2274 3603 fidem
2304 3537 2589 3627 deroget,

482 3641 651 3715 sciat
728 3639 1136 3728 temporibus
1211 3639 1342 3704 illis
1430 3639 1553 3705 hoc
1626 3661 1744 3727 per
1817 3644 2030 3706 totam
2106 3641 2421 3729 Angliam
2502 3642 2593 3708 sic

488 3743 916 3831 divulgatum
966 3748 1035 3808 et
1076 3743 1419 3821 creditum,
1467 3746 1547 3809 ut
1593 3741 1674 3807 de
1717 3741 1894 3809 facto
1942 3744 2119 3822 certi,
2165 3743 2458 3831 plerique
2506 3745 2589 3811 de

483 3846 863 3912 intentione
908 3850 1249 3912 certarent.
1341 3844 1629 3926 Quidam
1658 3863 1945 3933 namque
1974 3847 2144 3912 nihil
2171 3849 2301 3914 nisi
2331 3872 2592 3914 carnem

488 3955 560 4016 et
607 3950 993 4038 sanguinem
1038 3949 1364 4035 sapientes
1409 3946 1819 4035 simplicitati
1884 3951 2082 4037 regiae
2144 3951 2591 4038 imponebant,

487 4052 670 4140 quod
714 4052 1082 4138 compulsus
1126 4051 1353 4139 generi
1396 4072 1465 4116 se
1509 4051 1845 4118 miscuerit
1896 4051 2326 4140 proditorum,
2387 4059 2456 4121 et
2510 4077 2593 4120 ne

486 4156 854 4244 proditores
900 4157 1286 4243 procrearet,
1320 4154 1500 4242 operi
1545 4154 1983 4241 supersederit
2027 4156 2369 4245 coniugali.
2463 4156 2595 4223 Sed

489 4259 546 4324 si
613 4257 1060 4324 consideretur
1125 4277 1310 4322 amor
1390 4277 1521 4342 quo
1605 4279 1672 4322 se
1749 4257 2331 4344 amplectebantur,
2407 4259 2594 4325 facile

489 4361 935 4427 contemnitur
1021 4360 1175 4424 talis
1267 4356 1502 4446 opinio.
1636 4357 1785 4425 Hoc
1874 4359 2101 4427 iccirco
2175 4362 2592 4428 inserendum

490 4461 746 4551 putavi,
795 4467 873 4529 ut
939 4463 1185 4528 sciatur
1228 4467 1390 4527 tunc
1434 4461 1763 4527 neminem
1814 4462 1895 4528 de
1955 4464 2127 4552 regis
2173 4465 2587 4531 continentia

1166 4789 1183 4821 ¹
1202 4790 1470 4860 manmit]
1505 4792 1799 4857 conmdit,
1820 4792 1934 4844 MS.
